%BIBLIOGRAFIA
%---------------- Cap_1---------------------------

@book{Lourenildo(2015),
   title =     {Conceitos da Análise Espectral de Sinais em Geofísica.},
   author =    {Leite, L. W. B.},
   publisher = {Instituto Nacional de Ciência e Tecnologia de Geofísica do Petróleo, INCT-GP.},
   isbn =      {},
   year =      {2015},
   series =    {},
   edition =   {},
   volume =    {},
   url =       {}
}



@book{STOCKWELL(2017),
   title =     {CWP/SU: Seismic Un*x Package - a free open seismic processing, research, and educational software package.},
   author =    {Cohen, J. K.; Stockwell, J. J. W.},
   publisher = {Colorado School of Mines: Center for Wave Phenomena},
   isbn =      {},
   year =      {2017},
   series =    {},
   edition =   {},
   volume =    {},
   url =       {https://github.com/JohnWStockwellJr/SeisUnix}
}


@book{Kraut(1967),
author    = {Kraut, E. A.},
title     = {Fundamentals of Mathematical Physics},
publisher = {MacGraw-Hill Book Company},
year      = {1967},
address   = {New York, USA},
edition   = {},
volume    = {},
number    = {},
pages     = {464},
month     = {}
}


@article{Versteege(1991),
  author =	 {Versteege, R. J. and Grau, G.},
  year =	 {1991},
  title =	 {The Marmousi experience},
  journal =	 {Proc. EAGE Workshop on Practical Aspects of Seismic Data Inversion. Copenhagen},
  volume =	 {},
  number =	 {},
  pages =	 {}
}

@article{matias,
	author =	 {Matias, M.M.A.},
	year =	 {2009},
	title =	 {Imageamento Marchenko e condições de imagem aplicadas às componen-
	tes da função de Green.},
	journal =	 {Essay, Universidade Federal da Bahia.},
	volume =	 {},
	number =	 {},
	pages =	 {}
}

@book{Smirnov(1964),
author    = {Smirnov, V. I.},
title     = {Course of higher Mathematics},
publisher = {Pergamon Press},
year      = {1964},
address   = {London},
volume    = {2},
number    = {},
pages     = {630},
month     = {}
}
@Book{Press(2002),
author    = {Press, W. H. and Teukolsky, A. and Vetterking, W. T. and B. P. Flannery},
title     = {Numerical Recipes in FORTRAN 90},
subtitle  = {},
publisher = {Cambridge University Press},
year      = {2002},
address   = {},
edition   = {},
volume    = {},
number    = {},
pages     = {227-245},
month     = {}
}
@book{Leite(2007),
author    = {Lourenildo W. B. Leite},
title     = {Conceitos da Análise Espectral em Geofísica},
publisher = {},
year      = {2007},
address   = {Brasil},
volume    = {1},
number    = {},
pages     = {153},
month     = {}
}

@book{snieder1998,
	title={A guided tour of mathematical physics},
	author={Snieder, Roelof Kees},
	year={1998},
	publisher={Samizdat Press}
}

@article{weisstein2003convolution,
	title={Convolution},
	author={Weisstein, Eric W},
	journal={https://mathworld. wolfram. com/},
	year={2003},
	publisher={Wolfram Research, Inc.}
}

@book{bracewell1986fourier,
	title={The Fourier transform and its applications},
	author={Bracewell, Ronald Newbold and Bracewell, Ronald N},
	volume={31999},
	year={1986},
	publisher={McGraw-Hill New York}
}

@book{van1992computational,
	title={Computational frameworks for the fast Fourier transform},
	author={Van Loan, Charles},
	year={1992},
	publisher={SIAM}
}

@book{ismail2010computational,
	title={Computational methods for geodynamics},
	author={Ismail-Zadeh, Alik and Tackley, Paul},
	year={2010},
	publisher={Cambridge University Press}
}

@inproceedings{zakaria2000two,
	title={The Two Dimensional Numerical Modeling Of Acoustic Wave Propagation in Shallow Water},
	author={Zakaria, Ahmad and Penrose, John and Thomas, Frank and Wang, Xiuming},
	booktitle={Australian Acoustical Society Conference (Acoustics)},
	year={2000}
}

@article{berenger1994perfectly,
	title={A perfectly matched layer for the absorption of electromagnetic waves},
	author={Berenger, Jean-Pierre and others},
	journal={Journal of computational physics},
	volume={114},
	number={2},
	pages={185--200},
	year={1994},
	publisher={New York, Academic Press.}
}


@article{komatitsch2007unsplit,
	title={An unsplit convolutional perfectly matched layer improved at grazing incidence for the seismic wave equation},
	author={Komatitsch, Dimitri and Martin, Roland},
	journal={Geophysics},
	volume={72},
	number={5},
	pages={SM155--SM167},
	year={2007},
	publisher={Society of Exploration Geophysicists}
}

@article{claerbout1971toward,
	title={Toward a unified theory of reflector mapping},
	author={Claerbout, Jon F},
	journal={Geophysics},
	volume={36},
	number={3},
	pages={467--481},
	year={1971},
	publisher={Society of Exploration Geophysicists}
}

@book{chandra2001parallel,
	title={Parallel programming in OpenMP},
	author={Chandra, Rohit and Dagum, Leo and Kohr, David and Menon, Ramesh and Maydan, Dror and McDonald, Jeff},
	year={2001},
	publisher={Morgan kaufmann}
}

