%% http://bibdesk.sourceforge.net/


%% Created for Cícero Régis at 2017-08-25 11:56:50 -0300 


%% Saved with string encoding Unicode (UTF-8) 



@webpage{roemmich90,
	Author = {D. Roemmich},
	Date-Added = {2017-08-21 18:39:58 +0000},
	Date-Modified = {2017-08-21 18:44:09 +0000},
	Lastchecked = {14 de julho de 2017.},
	Title = {Sea-level change},
	Url = {http://www.nap.edu/books/0309040396/html},
	Year = {1990},
	Bdsk-Url-1 = {http://www.nap.edu/books/0309040396/html}}

@article{tatianasantos17,
	Author = {Tatiana B. Santos and Milene S. Lana and Allan E.M. Santos and Larissa R.C. Silveira},
	Date-Added = {2017-06-22 16:51:16 +0000},
	Date-Modified = {2017-06-22 16:59:44 +0000},
	Doi = {http://dx.doi.org/10.1590/0001-3765201720160065},
	Journal = {{A}nais da {A}cademia {B}rasileira de {C}i\^encias},
	Number = {2},
	Title = {Applicability of geomechanical classifications for estimation of strength properties in Brazilian rock masses},
	Volume = {89},
	Year = {2017},
	Bdsk-Url-1 = {http://dx.doi.org/10.1590/0001-3765201720160065}}

@book{chavent10,
	Author = {Guy Chavent},
	Date-Added = {2017-06-14 13:36:07 +0000},
	Date-Modified = {2017-06-14 13:36:07 +0000},
	Doi = {10.1007/978-90-481-2785-6},
	Isbn = {978-90-481-2784-9},
	Number = {1},
	Pages = {360},
	Publisher = {Springer Netherlands},
	Series = {Scientific Computation},
	Title = {Nonlinear Least Squares for Inverse Problems -- Theoretical Foundations and Step-by-Step Guide for Applications},
	Year = {2010},
	Bdsk-Url-1 = {http://dx.doi.org/10.1007/978-90-481-2785-6}}

@article{santos15,
	Author = {Walleson Gomes dos Santos and C\'icero R\'egis},
	Date-Added = {2017-04-17 16:08:34 +0000},
	Date-Modified = {2017-04-17 16:10:20 +0000},
	Journal = {Brazilian Journal of Geophysics},
	Number = {2},
	Pages = {277-294},
	Title = {A study of the electromagnetic field from the MCSEM dipole source in an anisotropic layered earth},
	Volume = {33},
	Year = {2015}}

@article{myer12,
	Author = {David Myer and Steven Constable and Kerry Key and Michael E. Glinsky and Guimin Liu},
	Date-Added = {2017-01-14 17:55:47 +0000},
	Date-Modified = {2017-01-14 17:55:47 +0000},
	Doi = {10.1190/geo2011-0380.1},
	Eprint = {http://dx.doi.org/10.1190/geo2011-0380.1},
	Journal = {GEOPHYSICS},
	Number = {4},
	Pages = {E281-E299},
	Title = {Marine CSEM of the Scarborough gas field, Part 1: Experimental design and data uncertainty},
	Url = {http://dx.doi.org/10.1190/geo2011-0380.1},
	Volume = {77},
	Year = {2012},
	Bdsk-Url-1 = {http://dx.doi.org/10.1190/geo2011-0380.1}}

@book{jin15,
	Author = {Jian-Ming Jin},
	Date-Added = {2016-10-24 15:47:38 +0000},
	Date-Modified = {2016-10-24 15:50:03 +0000},
	Edition = {Third},
	Isbn = {9781118842027},
	Lccn = {2013035675},
	Publisher = {Wiley},
	Title = {The Finite Element Method in Electromagnetics},
	Url = {https://books.google.com.br/books?id=DFi-BgAAQBAJ},
	Year = {2015},
	Bdsk-Url-1 = {https://books.google.com.br/books?id=DFi-BgAAQBAJ}}

@book{strang07,
	Author = {Gilbert Strang},
	Date-Added = {2016-10-24 15:40:41 +0000},
	Date-Modified = {2016-10-24 15:41:01 +0000},
	Isbn = {9780961408817},
	Lccn = {84052450},
	Publisher = {Wellesley-Cambridge Press},
	Title = {Computational Science and Engineering},
	Url = {https://books.google.com.br/books?id=GQ9pQgAACAAJ},
	Year = {2007},
	Bdsk-Url-1 = {https://books.google.com.br/books?id=GQ9pQgAACAAJ}}

@article{grayver13,
	Author = {Grayver, A. V. and Streich, R. and Ritter, O.},
	Doi = {10.1093/gji/ggt055},
	Eprint = {http://gji.oxfordjournals.org/content/193/3/1432.full.pdf+html},
	Journal = {Geophysical Journal International},
	Number = {3},
	Pages = {1432-1446},
	Title = {Three-dimensional parallel distributed inversion of CSEM data using a direct forward solver},
	Url = {http://gji.oxfordjournals.org/content/193/3/1432.abstract},
	Volume = {193},
	Year = {2013},
	Bdsk-Url-1 = {http://gji.oxfordjournals.org/content/193/3/1432.abstract},
	Bdsk-Url-2 = {http://dx.doi.org/10.1093/gji/ggt055}}

@phdthesis{grayver13b,
	Author = {Alexander Vladimirovich Grayver},
	Date-Added = {2016-10-24 15:19:37 +0000},
	Date-Modified = {2016-10-24 15:22:06 +0000},
	School = {Freie Universit\"at Berlin},
	Title = {Three-dimensional controlled-source electromagnetic inversion using modern computational concepts},
	Year = {2013}}

@article{buonora14,
	Author = {Marco Polo P. Buonora and Jorlivan L. Correa and Luciano S. Martins and Paulo T. L. Menezes and Emanuel J. C. Pinho and Joao L. Silva Crepaldi and Mirela P. P. Ribas and Sergio M. Ferreira and Rafael C. Freitas},
	Date-Added = {2016-10-12 14:39:34 +0000},
	Date-Modified = {2016-10-12 14:40:13 +0000},
	Doi = {10.1190/INT-2013-0154.1},
	Eprint = {http://dx.doi.org/10.1190/INT-2013-0154.1},
	Journal = {Interpretation},
	Number = {3},
	Pages = {SH1-SH11},
	Title = {mCSEM data interpretation for hydrocarbon exploration: A fast interpretation workflow for drilling decision},
	Url = {http://dx.doi.org/10.1190/INT-2013-0154.1},
	Volume = {2},
	Year = {2014},
	Bdsk-Url-1 = {http://dx.doi.org/10.1190/INT-2013-0154.1}}

@article{mitsuhata04,
	Author = {Mitsuhata, Yuji and Uchida, Toshihiro},
	Date-Added = {2016-03-10 20:12:43 +0000},
	Date-Modified = {2016-03-10 20:12:43 +0000},
	Doi = {10.1190/1.1649380},
	File = {:Users/ciceroregis/Google Drive/AArtigos/3D magnetotelluric modeling using the T omega finite element method.pdf:pdf},
	Issn = {0016-8033},
	Journal = {GEOPHYSICS},
	Month = {jan},
	Number = {1},
	Pages = {108--119},
	Title = {{3D magnetotelluric modeling using the T‐$\Omega$ finite‐element method}},
	Url = {http://library.seg.org/doi/abs/10.1190/1.1649380},
	Volume = {69},
	Year = {2004},
	Bdsk-Url-1 = {http://library.seg.org/doi/abs/10.1190/1.1649380},
	Bdsk-Url-2 = {http://dx.doi.org/10.1190/1.1649380}}

@article{gribenko07,
	Abstract = {Marine controlled-source electromagnetic MCSEM sur- veys have become an important part of offshore petroleum exploration. However, due to enormous computational diffi- culties with full3Dinversion, practical interpretation ofMC- SEM data is still a very challenging problem.We present a new approach to 3D inversion ofMCSEMdata based on rig- orous integral-equation IE forward modeling and a new IE representation of the sensitivity Fr chet derivative matrix of observed data to variations in sea-bottom conductivity. We develop a new form of the quasi-analytical approxima- tion for models with variable background conductivity QAVB and apply this form for more efficient Fr chet deriv- ative calculations. This approach requires just one forward modeling on every iteration of the regularized gradient-type inversion algorithm, which speeds up the computations sig- nificantly. We also use a regularized focusing inversion method, which provides a sharp boundary image of the petro- leum reservoir. The methodology is tested on a 3Dinversion of the syntheticEMdata representing a typicalMCSEMsur- vey conducted for offshore petroleum exploration},
	Author = {Gribenko, Alexander and Zhdanov, Michael},
	Date-Added = {2016-03-09 17:21:37 +0000},
	Date-Modified = {2016-03-09 17:21:37 +0000},
	Doi = {10.1190/1.2435712},
	File = {:Users/ciceroregis/Google Drive/AArtigos/MCSEM{\_}04{\_}07/Geophysics{\_}04{\_}07/GPY00WA73.pdf:pdf},
	Issn = {00168033},
	Journal = {Geophysics},
	Number = {2},
	Pages = {WA73 -- WA84},
	Title = {{Rigorous 3D inversion of marine CSEM data based on the integral equation method}},
	Url = {http://phineas.u-strasbg.fr/sailhac/liens/Cours/EM3A/2007Gribenko.pdf},
	Volume = {72},
	Year = {2007},
	Bdsk-Url-1 = {http://phineas.u-strasbg.fr/sailhac/liens/Cours/EM3A/2007Gribenko.pdf},
	Bdsk-Url-2 = {http://dx.doi.org/10.1190/1.2435712}}

@article{hadamard_1902,
	Author = {Jacques Hadamard},
	Date-Added = {2016-03-08 18:25:22 +0000},
	Date-Modified = {2016-03-08 18:25:55 +0000},
	Journal = {Princeton University Bulletin},
	Pages = {49-52},
	Title = {Sur les probl\`emes aux d\'eriv\'ees partielles et leur signification physique},
	Year = {1902}}

@inbook{nabig2_cap5,
	Author = {Brian R. Spies and Frank C. Frischknecht},
	Booktitle = {Electomagnetic Methods in Applied Geophysics, Vol. 2, Application.},
	Chapter = {5},
	Date-Added = {2015-06-13 12:23:50 +0000},
	Date-Modified = {2015-06-13 14:10:24 +0000},
	Editor = {Misac N. Nabighian},
	Pages = {285-425},
	Publisher = {SEG},
	Series = {Investigations in Geophysics},
	Title = {Electromagnetic Sounding},
	Type = {chapter},
	Volume = {2},
	Year = {1987}}

@article{schwarzbach13,
	Author = {Christoph Schwarzbach and Eldad Haber},
	Date-Added = {2015-05-19 16:57:57 +0000},
	Date-Modified = {2015-05-19 17:01:43 +0000},
	Doi = {10.1093/gji/ggt006},
	Journal = {Geophysical Journal International},
	Number = {193},
	Pages = {615-634},
	Title = {Finite element based inversion for time-harmonic electromagnetic problems},
	Year = {2013},
	Bdsk-Url-1 = {http://dx.doi.org/10.1093/gji/ggt006}}

@book{tarantola05,
	Address = {Philadelphia},
	Author = {Albert Tarantola},
	Date-Added = {2015-05-19 13:14:56 +0000},
	Date-Modified = {2017-04-17 16:51:00 +0000},
	Doi = {10.1137/1.9780898717921},
	Pages = {348},
	Publisher = {Society for Industrial and Applied Mathematics},
	Title = {Inverse problem theory and methods for model parameter estimation},
	Year = {2005},
	Bdsk-Url-1 = {http://dx.doi.org/10.1137/1.9780898717921}}

@article{backus68,
	Author = {George Backus and Freeman Gilbert},
	Date-Added = {2015-04-01 17:16:34 +0000},
	Date-Modified = {2015-04-01 17:17:45 +0000},
	Journal = {Geophys. J. R. Astr. Soc.},
	Pages = {169 - 205},
	Title = {The Resolving Power of Gross Earth Data},
	Volume = {16},
	Year = {1968}}

@article{braile74,
	Author = {L. W. Braile and G. R. Keller and W. J. Peeples},
	Date-Added = {2015-04-01 17:14:13 +0000},
	Date-Modified = {2015-04-01 17:16:00 +0000},
	Journal = {Journal of Geophysical Research},
	Number = {14},
	Pages = {2017 - 2021},
	Title = {Inversion of Gravity Data for Two-Dimensional Density Distributions},
	Volume = {79},
	Year = {1974}}

@article{sasaki06,
	Abstract = {The controlled-source dual horizontal-loop harmonic electromagnetic (HLEM) profiling method is well suited to the problem of investigating fracture zones in crystalline rocks but there are still limitations in the way that experimental data are currently interpreted---the use of 1-D data inversion leads to inaccurate determination of geological structure. To allow accurate characterization of zones of fractured rock especially underneath heterogeneous overburden, we have developed an efficient 2.5-D regularized inversion method for reconstructing subsurface electrical resistivity distributions from multifrequency HLEM data, with the forward problem solved in 3-D using a staggered-grid finite-difference method. The inversion method is validated using a synthetic example and practical data sets from four borehole sites in a granitic terrain in northeast Brazil. An appraisal of our results for sites with boreholes sited using conventional data analysis procedures shows that we can distinguish between optimally located productive wells in fracture-zone lineaments and those with diminished yields in weathered layer with no major underlying fracture zones. We suggest that 2.5-D inversion can aid in developing better strategies for sustainable groundwater resource development in the basement terrains.},
	Author = {Sasaki, Yutaka and Meju, Max A.},
	Date-Added = {2015-03-09 13:19:49 +0000},
	Date-Modified = {2015-03-09 13:19:49 +0000},
	Doi = {10.1111/j.1365-246X.2006.02957.x},
	File = {:Users/ciceroregis/Google Drive/AArtigos/21436843.pdf:pdf},
	Isbn = {1365-246X},
	Issn = {0956540X},
	Journal = {Geophysical Journal International},
	Keywords = {Electromagnetic induction,Ground water development,Horizontal-loop EM,Inversion},
	Pages = {59--66},
	Title = {{A multidimensional horizontal-loop controlled-source electromagnetic inversion method and its use to characterize heterogeneity in aquiferous fractured crystalline rocks}},
	Volume = {166},
	Year = {2006},
	Bdsk-Url-1 = {http://dx.doi.org/10.1111/j.1365-246X.2006.02957.x}}

@inproceedings{piedade15,
	Author = {Anderson Almeidada Piedade and C\'icero R\'egis and Carlos Mateus Barriga Nunes},
	Booktitle = {EAGE 77th Conference \& Exhibition 2015},
	Date-Added = {2015-03-06 13:24:25 +0000},
	Date-Modified = {2015-03-06 13:31:04 +0000},
	Title = {Equality Constraints in 2D Inversion of Data from the ElectroMagnetic Multi-Frequency Method - EMMF},
	Year = {2015}}

@inproceedings{piedade14,
	Author = {Anderson Almeidada Piedade and C\'icero R\'egis},
	Booktitle = {SEG Technical Program Expanded Abstracts 2014},
	Chapter = {154},
	Date-Added = {2015-03-06 13:20:21 +0000},
	Date-Modified = {2015-03-06 13:21:05 +0000},
	Doi = {10.1190/segam2014-1576.1},
	Eprint = {http://library.seg.org/doi/pdf/10.1190/segam2014-1576.1},
	Pages = {808-812},
	Title = {Inversion of data from the multifrequency electromagnetic method -- EMMF},
	Url = {http://library.seg.org/doi/abs/10.1190/segam2014-1576.1},
	Year = {2014},
	Bdsk-Url-1 = {http://library.seg.org/doi/abs/10.1190/segam2014-1576.1},
	Bdsk-Url-2 = {http://dx.doi.org/10.1190/segam2014-1576.1}}

@book{axelsson01,
	Author = {Axelsson, O. and Barker, V. A.},
	Date-Added = {2015-01-14 20:10:55 +0000},
	Date-Modified = {2015-01-14 20:17:55 +0000},
	Editor = {Robert E. O'Malley, Jr.},
	Publisher = {Society for Industrial and Applied Mathematics},
	Series = {Classics in applied mathematics},
	Title = {Finite Element Solution of Boundary Value Problems,Theory and Computation.},
	Year = {2001}}

@article{silva14,
	Author = {Silva, Valdel\'{\i}rio da Silva e and R\'{e}gis, C\'{\i}cero and Howard, Allen Q},
	Date-Added = {2014-09-12 13:07:41 +0000},
	Date-Modified = {2014-09-12 13:07:41 +0000},
	Doi = {10.1088/1742-2132/11/1/015004},
	File = {:Users/ciceroregis/Google Drive/AArtigos/Complex\_plane\_integration.pdf:pdf},
	Issn = {1742-2132},
	Journal = {Journal of Geophysics and Engineering},
	Month = feb,
	Number = {1},
	Pages = {015004},
	Title = {{Complex plane integration in the modelling of electromagnetic fields in layered media: part 1. Application to a very large loop}},
	Url = {http://stacks.iop.org/1742-2140/11/i=1/a=015004?key=crossref.62d3183e1ec6914359e608695ac9a87d},
	Volume = {11},
	Year = {2014},
	Bdsk-Url-1 = {http://stacks.iop.org/1742-2140/11/i=1/a=015004?key=crossref.62d3183e1ec6914359e608695ac9a87d},
	Bdsk-Url-2 = {http://dx.doi.org/10.1088/1742-2132/11/1/015004}}

@mastersthesis{santos07,
	Author = {Santos, Walleson Gomes dos},
	Date-Added = {2014-04-30 12:47:07 +0000},
	Date-Modified = {2015-06-13 14:13:38 +0000},
	Pages = {70},
	School = {Universidade Federal do Par\'a},
	Title = {Arranjos Coplanar e Coaxial nas Sondas de Perfilagem de Po\c{c}o: Ferramentas Triaxiais em Reservat\'orios Laminados.},
	Year = {2007}}

@book{wait81,
	Author = {James R. Wait},
	Date-Added = {2014-04-30 12:01:37 +0000},
	Date-Modified = {2015-06-13 13:55:24 +0000},
	Pages = {348},
	Publisher = {Pergamon Press},
	Title = {Wave propagation theory},
	Year = {1981}}

@article{li11,
	Author = {Li, Yuguo and Dai, Shikun},
	Date-Added = {2014-04-23 12:11:46 +0000},
	Date-Modified = {2014-04-23 12:11:53 +0000},
	Doi = {10.1111/j.1365-246X.2011.04974.x},
	File = {:Users/ciceroregis/Google Drive/AArtigos/j.1365-246x.2011.04974.x.pdf:pdf},
	Issn = {0956540X},
	Journal = {Geophysical Journal International},
	Keywords = {a useful exploration technique,csem,d u c t,electrical prop-,erties,for mapping,i n t ro,i o n,in the past decade,marine electromagnetics,method has emerged as,numerical approximations and analysis,numerical solutions,the marine controlled-source electromagnetic},
	Month = may,
	Number = {2},
	Pages = {622--636},
	Title = {{Finite element modelling of marine controlled-source electromagnetic responses in two-dimensional dipping anisotropic conductivity structures}},
	Url = {http://gji.oxfordjournals.org/cgi/doi/10.1111/j.1365-246X.2011.04974.x},
	Volume = {185},
	Year = {2011},
	Bdsk-Url-1 = {http://gji.oxfordjournals.org/cgi/doi/10.1111/j.1365-246X.2011.04974.x},
	Bdsk-Url-2 = {http://dx.doi.org/10.1111/j.1365-246X.2011.04974.x}}

@book{kong90,
	Author = {J. A. Kong},
	Date-Added = {2014-04-23 11:59:43 +0000},
	Date-Modified = {2015-06-13 13:52:19 +0000},
	Edition = {2nd.},
	Pages = {667},
	Publisher = {John Wiley \& Sons, Inc.},
	Title = {Electromagnetic wave theory},
	Year = {1990}}

@article{kong08,
	Author = {Kong, F. N. and Johnstad, S. E. and R\o sten, T. and Westerdahl, H.},
	Date-Added = {2014-04-22 12:13:48 +0000},
	Date-Modified = {2014-04-22 12:13:58 +0000},
	Doi = {10.1190/1.2819691},
	File = {:Users/ciceroregis/Google Drive/AArtigos/MCSEM/GPY0000F9.pdf:pdf},
	Issn = {0016-8033},
	Journal = {Geophysics},
	Month = jan,
	Number = {1},
	Pages = {F9--F19},
	Title = {{A 2.5D finite-element-modeling difference method for marine CSEM modeling in stratified anisotropic media}},
	Url = {http://library.seg.org/doi/abs/10.1190/1.2819691},
	Volume = {73},
	Year = {2008},
	Bdsk-Url-1 = {http://library.seg.org/doi/abs/10.1190/1.2819691},
	Bdsk-Url-2 = {http://dx.doi.org/10.1190/1.2819691}}

@article{loseth07,
	Author = {L{\o}seth, L. O. and Ursin, B.},
	Date-Added = {2014-04-22 12:07:22 +0000},
	Date-Modified = {2014-04-24 12:04:33 +0000},
	Doi = {10.1111/j.1365-246X.2007.03390.x},
	Issn = {0956540X},
	Journal = {Geophysical Journal International},
	Keywords = {1 i n t,a variety of geophysical,and,and it is a,anisotropy,anisotropy is a phenomenon,applications,applications such as ground,can be exploited,concern or an advantage,depending on how it,electromagnetic modelling,gpr,high frequency end of,in,penetrating radar,ro d u c,scales,t i o n,that occurs on various,which is towards the},
	Month = jul,
	Number = {1},
	Pages = {44--80},
	Title = {{Electromagnetic fields in planarly layered anisotropic media}},
	Url = {http://gji.oxfordjournals.org/cgi/doi/10.1111/j.1365-246X.2007.03390.x},
	Volume = {170},
	Year = {2007},
	Bdsk-Url-1 = {http://gji.oxfordjournals.org/cgi/doi/10.1111/j.1365-246X.2007.03390.x},
	Bdsk-Url-2 = {http://dx.doi.org/10.1111/j.1365-246X.2007.03390.x}}

@article{xiong89,
	Author = {Xiong, Zonghou},
	Date-Added = {2014-04-22 12:00:15 +0000},
	Date-Modified = {2014-04-22 12:00:54 +0000},
	File = {:Users/ciceroregis/Google Drive/AArtigos/1\%2E1442633.pdf:pdf},
	Journal = {Geophysics},
	Number = {12},
	Pages = {1643--1646},
	Title = {{Electromagnetic fields of electric dipoles embedded in a stratified anisotropic earth}},
	Url = {http://library.seg.org/doi/abs/10.1190/1.1442633},
	Volume = {54},
	Year = {1989},
	Bdsk-Url-1 = {http://library.seg.org/doi/abs/10.1190/1.1442633}}

@inproceedings{barriga13,
	Author = {Carlos Mateus Barriga Nunes and C\'icero R. T. R\'egis},
	Booktitle = {13th International Congress of the Brazilian Geophysical Society Expanded Abstracts.},
	Date-Added = {2014-03-08 14:46:02 +0000},
	Date-Modified = {2014-03-08 14:53:11 +0000},
	Organization = {SBGf},
	Publisher = {SBGf},
	Title = {Diferencia{\c c}{\~a}o num{\'e}rica 2D na modelagem de m{\'e}todos eletromagn{\'e}ticos.},
	Year = {2013}}

@article{Bank07,
	Author = {Randolph. E. Bank and Jinchao. Xu and Bin. Zheng},
	Date-Added = {2014-03-08 14:19:00 +0000},
	Date-Modified = {2016-10-11 20:03:54 +0000},
	Journal = {SIAM Journal on Numerical Analysis},
	Number = {5},
	Optmonth = {February},
	Pages = {2032-2046},
	Title = {SUPERCONVERGENT DERIVATIVE RECOVERY FOR LAGRANGE TRIANGULAR ELEMENTS OF DEGREE P ON UNSTRUCTURED GRIDS},
	Volume = {21},
	Year = {2007}}

@book{Brenner08,
	Address = {Springer},
	Author = {Susanne C. Brenner, L. Ridgway Scott},
	Date-Added = {2014-03-08 14:19:00 +0000},
	Date-Modified = {2014-03-08 14:19:00 +0000},
	Doi = {10.1016/S0076-6895(03)80014-8},
	Isbn = {978-0-387-75933-3},
	Publisher = {Springer Science},
	Title = {The Mathematical Theory of Finite Element Methods},
	Year = {2008},
	Bdsk-Url-1 = {http://dx.doi.org/10.1016/S0076-6895(03)80014-8}}

@article{Lancaster81,
	Author = {P. Lancaster, K. Salkauskas},
	Date-Added = {2014-03-08 14:19:00 +0000},
	Date-Modified = {2014-03-08 14:19:00 +0000},
	Journal = {Mathematics of Computation},
	Number = {155},
	Optmonth = {February},
	Pages = {141-158},
	Title = {Surfaces Generated by Moving Least Squares Methods},
	Volume = {37},
	Year = {1994}}

@book{Meunier08,
	Author = {G\'erard Meunier},
	Date-Added = {2014-03-08 14:19:00 +0000},
	Date-Modified = {2014-03-08 14:19:00 +0000},
	Isbn = {978-1-84821-030-1},
	Publisher = {John Wiley \& Sons},
	Title = {The Finite Element Method for Electromagnetic Modeling},
	Year = {2008}}

@article{Nakamura08,
	Author = {G. Nakamura, S. Wang, Y. Wang},
	Date-Added = {2014-03-08 14:19:00 +0000},
	Date-Modified = {2014-03-08 14:19:00 +0000},
	Journal = {Computional and Applied Athematics},
	Optmonth = {May},
	Pages = {341-358},
	Title = {Numerical differentiation for the second order derivatives offunctions of two variables},
	Volume = {212},
	Year = {2008}}

@inproceedings{rijo05,
	Author = {Luiz Rijo},
	Booktitle = {Anais do 9o. Congresso da SBGF},
	Date-Added = {2014-03-08 14:19:00 +0000},
	Date-Modified = {2014-03-08 14:19:00 +0000},
	Meeting = {9o. Congresso int. da SBGf},
	Organization = {SBGF},
	Title = {2.5-D Finite element algorithm for MCSEM modeling},
	Year = {2005}}

@article{Shanks55,
	Author = {D. Shanks},
	Date-Added = {2014-03-08 14:19:00 +0000},
	Date-Modified = {2014-03-08 14:19:00 +0000},
	Journal = {Mathematical physics},
	Number = {2},
	Pages = {1-42},
	Title = {Non-linear transformations of divergent and slowly convergent sequences},
	Volume = {34},
	Year = {1955}}

@phdthesis{Silva13,
	Annote = {(In portuguese)},
	Author = {Silva, Valdel\'{\i}rio da Silva e},
	Date-Added = {2014-03-08 14:19:00 +0000},
	Date-Modified = {2014-03-08 14:19:00 +0000},
	School = {Universidade Federal do Par\'a},
	Title = {Modelagem 2,5D do campos usados no m\'etodo eletromagn\'etico a multi-frequ\^encia - EMMF},
	Type = {Tese de doutorado},
	Year = {2013}}

@article{tabbara94,
	Author = {M. Tabbara, T. Blacker, T. Belytschko},
	Date-Added = {2014-03-08 14:19:00 +0000},
	Date-Modified = {2015-03-02 20:44:51 +0000},
	Journal = {Computer Methods in Applied Mechanics and Engineering},
	Number = {1-2},
	Optmonth = {February},
	Pages = {211-223},
	Title = {Finite element derivative recovery by moving least square interpolants},
	Volume = {117},
	Year = {1994}}

@article{Wang05,
	Author = {Y.B. Wang, T. Wei},
	Date-Added = {2014-03-08 14:19:00 +0000},
	Date-Modified = {2014-03-08 14:19:00 +0000},
	Journal = {Mathematical Analysis and Applications},
	Optmonth = {April},
	Pages = {121-137},
	Title = {Numerical differentiation for two-dimensional scattered data},
	Volume = {312},
	Year = {2005}}

@article{Wei05,
	Author = {T. Wei, Y. C. Hon, Y. B. Wang},
	Date-Added = {2014-03-08 14:19:00 +0000},
	Date-Modified = {2014-03-08 14:19:00 +0000},
	Journal = {Institute of Physics Publishing},
	Number = {2},
	Optmonth = {February},
	Pages = {657--672},
	Title = {Reconstruction of numerical derivatives from scattered noisy data},
	Volume = {312},
	Year = {2005}}

@article{Wynn56,
	Author = {P. Wynn},
	Date-Added = {2014-03-08 14:19:00 +0000},
	Date-Modified = {2014-03-08 14:19:00 +0000},
	Journal = {Mathematical Tables and Other Aids to Computation},
	Number = {2},
	Optmonth = {July},
	Pages = {F91-F96},
	Title = {On a Device for Computing the $e_{m}(S_{n})$ Transformation},
	Volume = {10},
	Year = {1956}}

@mastersthesis{frayzer02,
	Author = {Almeida, Frayzer Lima de},
	Date-Added = {2013-12-23 13:36:50 +0000},
	Date-Modified = {2017-08-17 14:00:55 +0000},
	School = {Universidade Federal do Par\'a},
	Title = {Filtros otimizados para transformadas seno, co-seno e de Hankel {$J_0$}, {$J_1$} e {$J_2$}},
	Year = {2002}}

@book{arfken85,
	Address = {San Diego},
	Author = {George Arfken},
	Date-Added = {2013-11-19 21:56:59 +0000},
	Date-Modified = {2017-04-17 17:00:44 +0000},
	Edition = {Third},
	Pages = {985},
	Publisher = {Academic Press},
	Title = {Mathematical Methods for Physicists},
	Year = {1985}}

@article{haines88,
	Author = {Haines, G. V. and Jones, Alan G.},
	Date-Added = {2013-11-13 14:44:46 +0000},
	Date-Modified = {2013-11-13 14:44:57 +0000},
	Doi = {10.1111/j.1365-246X.1988.tb01131.x},
	File = {:Users/ciceroregis/A\_Geofisica/AArtigos/Geophys. J. Int.-1988-Haines-171-8.pdf:pdf},
	Issn = {0956-540X},
	Journal = {Geophysical Journal International},
	Keywords = {fourier transformation,line current,logarithmic sampling},
	Month = jan,
	Number = {1},
	Pages = {171--178},
	Title = {{Logarithmic Fourier transformation}},
	Url = {http://gji.oxfordjournals.org/cgi/doi/10.1111/j.1365-246X.1988.tb01131.x},
	Volume = {92},
	Year = {1988},
	Bdsk-Url-1 = {http://gji.oxfordjournals.org/cgi/doi/10.1111/j.1365-246X.1988.tb01131.x},
	Bdsk-Url-2 = {http://dx.doi.org/10.1111/j.1365-246X.1988.tb01131.x}}

@article{christensen90,
	Author = {Christensen, Niels Boie},
	Date-Added = {2013-11-13 14:33:41 +0000},
	Date-Modified = {2013-12-11 20:13:54 +0000},
	Doi = {10.1111/j.1365-2478.1990.tb01861.x},
	File = {:Users/ciceroregis/A\_Geofisica/AArtigos/Papers\_filtros/1990\_Christensen\_hankel\_transform\_filters.pdf:pdf},
	Issn = {0016-8025},
	Journal = {Geophysical Prospecting},
	Month = jul,
	Number = {5},
	Pages = {545--568},
	Title = {Optimized fast hankel transform filters},
	Url = {http://onlinelibrary.wiley.com/doi/10.1111/j.1365-2478.1990.tb01861.x/abstract http://doi.wiley.com/10.1111/j.1365-2478.1990.tb01861.x},
	Volume = {38},
	Year = {1990},
	Bdsk-Url-1 = {http://onlinelibrary.wiley.com/doi/10.1111/j.1365-2478.1990.tb01861.x/abstract%20http://doi.wiley.com/10.1111/j.1365-2478.1990.tb01861.x},
	Bdsk-Url-2 = {http://dx.doi.org/10.1111/j.1365-2478.1990.tb01861.x}}

@article{poddar83,
	Author = {Poddar, M.},
	Date-Added = {2013-11-11 18:00:46 +0000},
	Date-Modified = {2013-11-11 18:01:01 +0000},
	Doi = {10.1190/1.1441398},
	Eprint = {http://library.seg.org/doi/pdf/10.1190/1.1441398},
	Journal = {GEOPHYSICS},
	Number = {1},
	Pages = {107-109},
	Title = {A rectangular loop source of current on multilayered earth},
	Url = {http://library.seg.org/doi/abs/10.1190/1.1441398},
	Volume = {48},
	Year = {1983},
	Bdsk-Url-1 = {http://library.seg.org/doi/abs/10.1190/1.1441398},
	Bdsk-Url-2 = {http://dx.doi.org/10.1190/1.1441398}}

@article{machado12,
	Author = {Machado, Marcos Vitor Barbosa and Dias, Carlos Alberto},
	Date-Added = {2013-11-11 16:19:37 +0000},
	Date-Modified = {2013-11-11 16:19:46 +0000},
	Doi = {10.1111/j.1365-2478.2011.01042.x},
	File = {:Users/ciceroregis/A\_Geofisica/AArtigos/1167.pdf:pdf},
	Issn = {00168025},
	Journal = {Geophysical Prospecting},
	Keywords = {conductive,fields,induced current ring em,main contribution zone},
	Month = nov,
	Number = {6},
	Pages = {1167--1185},
	Title = {{Zone of main contribution to the measured signal for a circular current loop source and receiver on the surface of a conductive half-space}},
	Url = {http://doi.wiley.com/10.1111/j.1365-2478.2011.01042.x},
	Volume = {60},
	Year = {2012},
	Bdsk-Url-1 = {http://doi.wiley.com/10.1111/j.1365-2478.2011.01042.x},
	Bdsk-Url-2 = {http://dx.doi.org/10.1111/j.1365-2478.2011.01042.x}}

@inproceedings{luz13a,
	Author = {Luz, Edelson da Cruz and Silva, Valdel\'irio da Silva and C\'{\i}cero R. T. R\'egis},
	Booktitle = {SEG Technical Program Expanded Abstracts 2013},
	Chapter = {165},
	Date-Added = {2013-10-02 12:54:42 +0000},
	Date-Modified = {2017-06-21 21:29:57 +0000},
	Doi = {10.1190/segam2013-1327.1},
	Eprint = {http://library.seg.org/doi/pdf/10.1190/segam2013-1327.1},
	Organization = {Soc. Expl. Geophys.},
	Pages = {845-849},
	Publisher = {SEG},
	Title = {Fast sensitivities for 2D marine CSEM inversion},
	Url = {http://library.seg.org/doi/abs/10.1190/segam2013-1327.1},
	Year = {2013},
	Bdsk-Url-1 = {http://library.seg.org/doi/abs/10.1190/segam2013-1327.1},
	Bdsk-Url-2 = {http://dx.doi.org/10.1190/segam2013-1327.1}}

@article{um07,
	Author = {Um, E. and Alumbaugh, D.},
	Date-Added = {2013-09-11 13:11:45 +0000},
	Date-Modified = {2013-09-11 13:11:52 +0000},
	Doi = {10.1190/1.2432482},
	Eprint = {http://library.seg.org/doi/pdf/10.1190/1.2432482},
	Journal = {GEOPHYSICS},
	Number = {2},
	Pages = {WA13-WA26},
	Title = {On the physics of the marine controlled-source electromagnetic method},
	Url = {http://library.seg.org/doi/abs/10.1190/1.2432482},
	Volume = {72},
	Year = {2007},
	Bdsk-Url-1 = {http://library.seg.org/doi/abs/10.1190/1.2432482},
	Bdsk-Url-2 = {http://dx.doi.org/10.1190/1.2432482}}

@inproceedings{Lu07,
	Author = {Lu, X. and Xia, C.},
	Booktitle = {SEG Technical Program Expanded Abstracts 2007},
	Chapter = {128},
	Date-Added = {2013-09-11 13:03:24 +0000},
	Date-Modified = {2013-09-11 13:04:08 +0000},
	Doi = {10.1190/1.2792498},
	Eprint = {http://library.seg.org/doi/pdf/10.1190/1.2792498},
	Pages = {633-637},
	Publisher = {Society of Exploration Geophysicists},
	Title = {Understanding anisotropy in marine CSEM data},
	Url = {http://library.seg.org/doi/abs/10.1190/1.2792498},
	Year = {2007},
	Bdsk-Url-1 = {http://library.seg.org/doi/abs/10.1190/1.2792498},
	Bdsk-Url-2 = {http://dx.doi.org/10.1190/1.2792498}}

@book{kaufman89,
	Address = {Amsterdam},
	Author = {Alexander Kaufman and George Vernon Keller},
	Date-Added = {2013-09-11 12:51:45 +0000},
	Date-Modified = {2013-09-11 12:56:53 +0000},
	Publisher = {Elsevier},
	Title = {Induction Logging},
	Year = {1989}}

@inbook{kaufman03,
	Author = {A.A. Kaufman and Yu. A. Dashevsky},
	Booktitle = {Principles of Induction Logging},
	Chapter = {11},
	Date-Added = {2013-09-04 13:35:54 +0000},
	Date-Modified = {2015-06-13 13:34:25 +0000},
	Doi = {http://dx.doi.org/10.1016/S0076-6895(03)80014-8},
	Issn = {0076-6895},
	Key = {tagkey2003605},
	Pages = {605 - 625},
	Publisher = {Elsevier},
	Series = {Methods in Geochemistry and Geophysics},
	Title = {The influence of anisotropy on the field of the magnetic dipole in a conducting medium},
	Url = {http://www.sciencedirect.com/science/article/pii/S0076689503800148},
	Volume = {38},
	Year = {2003},
	Bdsk-Url-1 = {http://www.sciencedirect.com/science/article/pii/S0076689503800148},
	Bdsk-Url-2 = {http://dx.doi.org/10.1016/S0076-6895(03)80014-8}}

@inproceedings{tompkins05,
	Author = {Tompkins, M.},
	Booktitle = {SEG Technical Program Expanded Abstracts 2005},
	Date-Added = {2013-09-04 13:18:06 +0000},
	Date-Modified = {2013-09-04 14:48:51 +0000},
	Doi = {10.1190/1.2144369},
	Eprint = {http://library.seg.org/doi/pdf/10.1190/1.2144369},
	Pages = {514-517},
	Publisher = {Society of Exploration Geophysicists},
	Title = {The role of vertical anisotropy in interpreting marine controlled-source electromagnetic data},
	Url = {http://library.seg.org/doi/abs/10.1190/1.2144369},
	Year = {2005},
	Bdsk-Url-1 = {http://library.seg.org/doi/abs/10.1190/1.2144369},
	Bdsk-Url-2 = {http://dx.doi.org/10.1190/1.2144369}}

@article{li02,
	Author = {Li, Yuguo},
	Date-Added = {2013-08-20 23:12:49 +0000},
	Date-Modified = {2013-08-20 23:13:01 +0000},
	Doi = {10.1046/j.1365-246x.2002.01570.x},
	Issn = {1365-246X},
	Journal = {Geophysical Journal International},
	Keywords = {electrical anisotropy, electromagnetic induction, finite-element method, magnetotellurics, 2-D conductivity structures},
	Number = {3},
	Pages = {389--401},
	Publisher = {Blackwell Science, Ltd},
	Title = {A finite-element algorithm for electromagnetic induction in two-dimensional anisotropic conductivity structures},
	Url = {http://dx.doi.org/10.1046/j.1365-246x.2002.01570.x},
	Volume = {148},
	Year = {2002},
	Bdsk-Url-1 = {http://dx.doi.org/10.1046/j.1365-246x.2002.01570.x}}

@article{pek02,
	Author = {Pek, Josef and Santos, Fernando A. M.},
	Date-Added = {2013-08-20 19:06:03 +0000},
	Date-Modified = {2013-08-20 19:09:48 +0000},
	Doi = {10.1016/S0098-3004(02)00014-6},
	File = {:Users/ciceroregis/A\_Geofisica/AArtigos/sdarticle.pdf:pdf},
	Issn = {00983004},
	Journal = {Computers \& Geosciences},
	Keywords = {equivalent horizontal anisotropy,frechet,impedance propagation,matrix propagation,parametric partial derivatives},
	Month = oct,
	Number = {8},
	Pages = {939--950},
	Title = {{Magnetotelluric impedances and parametric sensitivities for 1-D anisotropic layered media}},
	Url = {http://linkinghub.elsevier.com/retrieve/pii/S0098300402000146},
	Volume = {28},
	Year = {2002},
	Bdsk-Url-1 = {http://linkinghub.elsevier.com/retrieve/pii/S0098300402000146},
	Bdsk-Url-2 = {http://dx.doi.org/10.1016/S0098-3004(02)00014-6}}

@article{romberg08,
	Author = {Romberg, Justin},
	Date-Added = {2013-08-16 20:18:24 +0000},
	Date-Modified = {2013-08-16 20:18:33 +0000},
	Doi = {10.1109/MSP.2007.914729},
	File = {:Users/ciceroregis/A\_Geofisica/AArtigos/Imaging-via-CS.pdf:pdf},
	Issn = {1053-5888},
	Journal = {IEEE Signal Processing Magazine},
	Month = mar,
	Number = {2},
	Pages = {14--20},
	Title = {{Imaging via Compressive Sampling}},
	Url = {http://ieeexplore.ieee.org/xpls/abs\_all.jsp?arnumber=4472239 http://ieeexplore.ieee.org/lpdocs/epic03/wrapper.htm?arnumber=4472239},
	Volume = {25},
	Year = {2008},
	Bdsk-Url-1 = {http://ieeexplore.ieee.org/xpls/abs%5C_all.jsp?arnumber=4472239%20http://ieeexplore.ieee.org/lpdocs/epic03/wrapper.htm?arnumber=4472239},
	Bdsk-Url-2 = {http://dx.doi.org/10.1109/MSP.2007.914729}}

@article{candes08,
	Author = {Candes, Emanuel J. and Wakin, Michael B.},
	Date-Added = {2013-08-16 20:11:35 +0000},
	Date-Modified = {2013-08-16 20:11:40 +0000},
	Doi = {10.1109/MSP.2007.914731},
	File = {:Users/ciceroregis/A\_Geofisica/AArtigos/CSintro.pdf:pdf},
	Issn = {1053-5888},
	Journal = {IEEE Signal Processing Magazine},
	Month = mar,
	Number = {2},
	Pages = {21--30},
	Title = {{An Introduction To Compressive Sampling}},
	Url = {http://ieeexplore.ieee.org/xpls/abs\_all.jsp?arnumber=4472240 http://ieeexplore.ieee.org/lpdocs/epic03/wrapper.htm?arnumber=4472240},
	Volume = {25},
	Year = {2008},
	Bdsk-Url-1 = {http://ieeexplore.ieee.org/xpls/abs%5C_all.jsp?arnumber=4472240%20http://ieeexplore.ieee.org/lpdocs/epic03/wrapper.htm?arnumber=4472240},
	Bdsk-Url-2 = {http://dx.doi.org/10.1109/MSP.2007.914731}}

@phdthesis{silva12,
	Address = {Bel\'em},
	Author = {Silva, Valdel\'irio da Silva e},
	Date-Added = {2013-08-16 19:46:04 +0000},
	Date-Modified = {2017-07-05 13:31:30 +0000},
	School = {Programa de P\'os-Gradua\c{c}\~ao em Geof\'isica},
	Title = {Modelagem 2,5D dos campos usados no m\'etodo eletromagn\'etico a multi-frequ\^encia -- EMMF},
	Year = {2012}}

@inproceedings{luz12a,
	Address = {Paris},
	Author = {Luz, Edelson da Cruz},
	Booktitle = {100 years of electrical imaging},
	Date-Added = {2013-08-16 19:26:19 +0000},
	Date-Modified = {2013-08-16 19:31:33 +0000},
	Editor = {Herv\'e Chauris},
	Organization = {MINES ParisTech},
	Pages = {153-156},
	Publisher = {Presses des Mines},
	Series = {Collection Sciences de la Terre et de l'environnement},
	Title = {Total variation constraints in the inversion of magnetotelluric data},
	Year = {2012}}

@inproceedings{regis13,
	Address = {London},
	Author = {R\'egis, C\'icero and Luz, E. da C. and Santos, W. G.},
	Booktitle = {75th EAGE Conference \& Exhibition incorporating SPE EUROPEC 2013},
	Date-Added = {2013-08-16 19:21:33 +0000},
	Date-Modified = {2014-06-28 14:14:54 +0000},
	Doi = {10.3997/2214-4609.20130273},
	Publisher = {EAGE},
	Title = {A Method to Improve the Inversion of Marine CSEM Data from Anisotropic Layers},
	Year = {2013},
	Bdsk-Url-1 = {http://dx.doi.org/10.3997/2214-4609.20130273}}

@phdthesis{luz12,
	Address = {Bel\'em},
	Author = {Luz, Edelson da Cruz},
	Date-Added = {2013-08-16 18:25:55 +0000},
	Date-Modified = {2017-06-21 22:01:19 +0000},
	Pages = {61},
	School = {Programa de P\'os-Gradua\c{c}\~ao em Geof\'isica, Universidade Federal do Par\'a},
	Title = {Invers\~ao de dados eletromagn\'eticos com o regularizador Varia\c{c}\~ao Total e o uso da matriz de sensibilidade aproximada.},
	Type = {Tese de doutorado},
	Year = {2012}}

@article{osher05,
	Author = {Osher, Stanley and Burger, Martin and Goldfarb, Donald and Xu, Jinjun and Yin, Wotao},
	Date-Added = {2013-08-16 17:33:35 +0000},
	Date-Modified = {2013-08-16 17:33:44 +0000},
	Doi = {10.1137/040605412},
	File = {:Users/ciceroregis/A\_Geofisica/AArtigos/TV\_based\_image\_restoration\_2005.pdf:pdf},
	Issn = {1540-3459},
	Journal = {Multiscale Modeling \& Simulation},
	Keywords = {040605412,1,10,1137,47a52,49m30,65j22,68u18,a new iterative regular-,ams subject classifications,bregman distances,deblurring,denoising,doi,introduction,iterative regularization,paper is to introduce,the aim of this,total variation},
	Month = jan,
	Number = {2},
	Pages = {460--489},
	Title = {{An Iterative Regularization Method for Total Variation-Based Image Restoration}},
	Url = {http://epubs.siam.org/doi/abs/10.1137/040605412},
	Volume = {4},
	Year = {2005},
	Bdsk-Url-1 = {http://epubs.siam.org/doi/abs/10.1137/040605412},
	Bdsk-Url-2 = {http://dx.doi.org/10.1137/040605412}}

@mastersthesis{bleyer08,
	Author = {Ismael Rodrigo Bleyer},
	Date-Added = {2013-08-16 14:47:16 +0000},
	Date-Modified = {2013-08-16 14:50:24 +0000},
	School = {Programa de P\'os-Gradua\c{c}\~ao em Matem\'atica e Computa\c{c}\~ao Cient\'ifica, Universidade Federal de Santa Catarina},
	Title = {Funcionais de Tikhonov e Penaliza\c{c}\~ao com dist\^ancias de Bregman},
	Type = {Disserta\c{c}\~ao de mestrado},
	Year = {2008}}

@article{bregman67,
	Author = {L.M. Bregman},
	Date-Added = {2013-08-15 18:39:54 +0000},
	Date-Modified = {2013-08-15 18:39:54 +0000},
	Doi = {http://dx.doi.org/10.1016/0041-5553(67)90040-7},
	Issn = {0041-5553},
	Journal = {\{USSR\} Computational Mathematics and Mathematical Physics},
	Number = {3},
	Pages = {200 - 217},
	Title = {The relaxation method of finding the common point of convex sets and its application to the solution of problems in convex programming},
	Url = {http://www.sciencedirect.com/science/article/pii/0041555367900407},
	Volume = {7},
	Year = {1967},
	Bdsk-Url-1 = {http://www.sciencedirect.com/science/article/pii/0041555367900407},
	Bdsk-Url-2 = {http://dx.doi.org/10.1016/0041-5553(67)90040-7}}

@article{farquharson08,
	Author = {Farquharson, C.},
	Date-Added = {2013-08-15 18:23:14 +0000},
	Date-Modified = {2013-08-15 18:23:14 +0000},
	Doi = {10.1190/1.2816650},
	Eprint = {http://library.seg.org/doi/pdf/10.1190/1.2816650},
	Journal = {GEOPHYSICS},
	Number = {1},
	Pages = {K1-K9},
	Title = {Constructing piecewise-constant models in multidimensional minimum-structure inversions},
	Url = {http://library.seg.org/doi/abs/10.1190/1.2816650},
	Volume = {73},
	Year = {2008},
	Bdsk-Url-1 = {http://library.seg.org/doi/abs/10.1190/1.2816650},
	Bdsk-Url-2 = {http://dx.doi.org/10.1190/1.2816650}}

@article{goldstein10,
	Author = {Goldstein, Tom and Bresson, Xavier and Osher, Stanley},
	Date-Added = {2013-08-13 20:00:23 +0000},
	Date-Modified = {2013-08-13 20:00:23 +0000},
	Doi = {10.1007/s10915-009-9331-z},
	Issn = {0885-7474},
	Journal = {Journal of Scientific Computing},
	Keywords = {Image segmentation; Split Bregman; Bregman iteration; Total variation},
	Language = {English},
	Number = {1-3},
	Pages = {272-293},
	Publisher = {Springer US},
	Title = {Geometric Applications of the Split Bregman Method: Segmentation and Surface Reconstruction},
	Url = {http://dx.doi.org/10.1007/s10915-009-9331-z},
	Volume = {45},
	Year = {2010},
	Bdsk-Url-1 = {http://dx.doi.org/10.1007/s10915-009-9331-z}}

@article{goldstein09,
	Author = {Goldstein, T. and Osher, S.},
	Date-Added = {2013-08-13 19:51:20 +0000},
	Date-Modified = {2013-08-13 19:51:38 +0000},
	Doi = {10.1137/080725891},
	Eprint = {http://epubs.siam.org/doi/pdf/10.1137/080725891},
	Journal = {SIAM Journal on Imaging Sciences},
	Number = {2},
	Pages = {323-343},
	Title = {The Split Bregman Method for L1-Regularized Problems},
	Url = {http://epubs.siam.org/doi/abs/10.1137/080725891},
	Volume = {2},
	Year = {2009},
	Bdsk-Url-1 = {http://epubs.siam.org/doi/abs/10.1137/080725891},
	Bdsk-Url-2 = {http://dx.doi.org/10.1137/080725891}}

@article{vozoff72,
	Author = {Vozoff, K.},
	Date-Added = {2013-07-15 15:19:14 +0000},
	Date-Modified = {2013-07-15 15:19:36 +0000},
	Doi = {10.1190/1.1440255},
	Eprint = {http://library.seg.org/doi/pdf/10.1190/1.1440255},
	Journal = {GEOPHYSICS},
	Number = {1},
	Pages = {98-141},
	Title = {The magnetotelluric method in the exploration of sedimentary basins},
	Url = {http://library.seg.org/doi/abs/10.1190/1.1440255},
	Volume = {37},
	Year = {1972},
	Bdsk-Url-1 = {http://library.seg.org/doi/abs/10.1190/1.1440255},
	Bdsk-Url-2 = {http://dx.doi.org/10.1190/1.1440255}}

@inbook{vozoff91,
	Author = {K. Vozoff},
	Booktitle = {Electromagnetic Methods in Applied Geophysics},
	Chapter = {8},
	Date-Added = {2013-07-15 15:16:23 +0000},
	Date-Modified = {2013-07-15 15:28:30 +0000},
	Doi = {10.1190/1.9781560802686.ch8},
	Editor = {Misac N. Nabighian},
	Eprint = {http://library.seg.org/doi/pdf/10.1190/1.9781560802686.ch8},
	Pages = {641-712},
	Publisher = {Society of Exploration Geophysicists},
	Title = {The Magnetotelluric Method},
	Url = {http://library.seg.org/doi/abs/10.1190/1.9781560802686.ch8},
	Year = {1991},
	Bdsk-Url-1 = {http://library.seg.org/doi/abs/10.1190/1.9781560802686.ch8},
	Bdsk-Url-2 = {http://dx.doi.org/10.1190/1.9781560802686.ch8}}

@article{cagniard53,
	Author = {Cagniard, Louis},
	Date-Added = {2013-07-15 15:11:06 +0000},
	Date-Modified = {2013-07-15 15:12:35 +0000},
	Doi = {10.1190/1.1437915},
	Eprint = {http://library.seg.org/doi/pdf/10.1190/1.1437915},
	Journal = {GEOPHYSICS},
	Number = {3},
	Pages = {605-635},
	Title = {Basic theory of the magneto‐telluric method of geophysical prospecting},
	Url = {http://library.seg.org/doi/abs/10.1190/1.1437915},
	Volume = {18},
	Year = {1953},
	Bdsk-Url-1 = {http://library.seg.org/doi/abs/10.1190/1.1437915},
	Bdsk-Url-2 = {http://dx.doi.org/10.1190/1.1437915}}

@article{howard14,
	Author = {Howard, Allen Q. Jr. and Silva, Valdel\'irio da Silva e},
	Date-Added = {2013-06-28 14:12:57 +0000},
	Date-Modified = {2014-09-12 13:29:07 +0000},
	Doi = {10.1088/1742-2132/11/1/015005},
	Journal = {Journal of Geophysics and Engineering},
	Number = {1},
	Title = {Complex plane integration in the modeling of electromagnetic fields in layered media -- Part 2: Pole locations.},
	Volume = {11},
	Year = {2014},
	Bdsk-Url-1 = {http://dx.doi.org/10.1088/1742-2132/11/1/015005}}

@article{pujol07,
	Author = {Pujol, Jose},
	Date-Added = {2013-06-01 13:39:15 +0000},
	Date-Modified = {2013-06-01 13:39:22 +0000},
	Doi = {10.1190/1.2732552},
	File = {:Users/ciceroregis/A\_Geofisica/AArtigos/Inversion/1\%2E2732552.pdf:pdf},
	Issn = {0016-8033},
	Journal = {Geophysics},
	Month = jul,
	Number = {4},
	Pages = {W1--W16},
	Title = {{The solution of nonlinear inverse problems and the Levenberg-Marquardt method}},
	Url = {http://library.seg.org/doi/abs/10.1190/1.2732552},
	Volume = {72},
	Year = {2007},
	Bdsk-Url-1 = {http://library.seg.org/doi/abs/10.1190/1.2732552},
	Bdsk-Url-2 = {http://dx.doi.org/10.1190/1.2732552}}

@article{key09,
	Author = {Key, Kerry},
	Date-Added = {2013-05-22 17:26:53 +0000},
	Date-Modified = {2013-05-22 17:27:00 +0000},
	Doi = {10.1190/1.3058434},
	File = {:Users/ciceroregis/A\_Geofisica/AArtigos/Geophys\_03\_09/GPY0000F9.pdf:pdf},
	Issn = {0016-8033},
	Journal = {Geophysics},
	Month = mar,
	Number = {2},
	Pages = {F9--F20},
	Title = {{1D inversion of multicomponent, multifrequency marine CSEM data: Methodology and synthetic studies for resolving thin resistive layers}},
	Url = {http://library.seg.org/doi/abs/10.1190/1.3058434},
	Volume = {74},
	Year = {2009},
	Bdsk-Url-1 = {http://library.seg.org/doi/abs/10.1190/1.3058434},
	Bdsk-Url-2 = {http://dx.doi.org/10.1190/1.3058434}}

@article{crepaldi11,
	Author = {{Crepaldi}, Jo\~{a}o Lucas Silva and {Buonora}, Marco Polo Pereira and Figueiredo, Irineu},
	Date-Added = {2013-05-22 16:12:05 +0000},
	Date-Modified = {2015-05-21 21:35:25 +0000},
	Doi = {10.1190/geo2010-0237.1},
	File = {:Users/ciceroregis/A\_Geofisica/AArtigos/GPY00F303.pdf:pdf},
	Issn = {0016-8033},
	Journal = {Geophysics},
	Month = sep,
	Number = {5},
	Pages = {F303--F313},
	Title = {{Fast marine CSEM inversion in the CMP domain using analytical derivatives}},
	Url = {http://library.seg.org/doi/abs/10.1190/geo2010-0237.1},
	Volume = {76},
	Year = {2011},
	Bdsk-Url-1 = {http://library.seg.org/doi/abs/10.1190/geo2010-0237.1},
	Bdsk-Url-2 = {http://dx.doi.org/10.1190/geo2010-0237.1}}

@article{han08,
	Author = {Han, Nuree and Nam, Myung Jin and Kim, Hee Joon and Lee, Tae Jong and Song, Yoonho and Suh, Jung Hee},
	Date-Added = {2013-04-29 14:53:45 +0000},
	Date-Modified = {2013-04-29 14:53:53 +0000},
	Doi = {10.1111/j.1365-246X.2008.03894.x},
	Issn = {1365-246X},
	Journal = {Geophysical Journal International},
	Keywords = {Inverse theory, Numerical approximations and analysis, Magnetotelluric},
	Number = {2},
	Pages = {477--485},
	Publisher = {Blackwell Publishing Ltd},
	Title = {Efficient three-dimensional inversion of magnetotelluric data using approximate sensitivities},
	Url = {http://dx.doi.org/10.1111/j.1365-246X.2008.03894.x},
	Volume = {175},
	Year = {2008},
	Bdsk-Url-1 = {http://dx.doi.org/10.1111/j.1365-246X.2008.03894.x}}

@article{li07,
	Author = {Li, Y. and Key, K.},
	Date-Added = {2013-04-03 19:28:04 +0000},
	Date-Modified = {2013-04-03 19:28:18 +0000},
	Doi = {10.1190/1.2432262},
	Eprint = {http://library.seg.org/doi/pdf/10.1190/1.2432262},
	Journal = {GEOPHYSICS},
	Number = {2},
	Pages = {WA51-WA62},
	Title = {2D marine controlled-source electromagnetic modeling: Part 1 --- An adaptive finite-element algorithm},
	Url = {http://library.seg.org/doi/abs/10.1190/1.2432262},
	Volume = {72},
	Year = {2007},
	Bdsk-Url-1 = {http://library.seg.org/doi/abs/10.1190/1.2432262},
	Bdsk-Url-2 = {http://dx.doi.org/10.1190/1.2432262}}

@article{constable07,
	Author = {Constable, S. and Srnka, L.},
	Date-Added = {2013-04-03 19:25:04 +0000},
	Date-Modified = {2013-04-03 19:25:15 +0000},
	Doi = {10.1190/1.2432483},
	Eprint = {http://library.seg.org/doi/pdf/10.1190/1.2432483},
	Journal = {GEOPHYSICS},
	Number = {2},
	Pages = {WA3-WA12},
	Title = {An introduction to marine controlled-source electromagnetic methods for hydrocarbon exploration},
	Url = {http://library.seg.org/doi/abs/10.1190/1.2432483},
	Volume = {72},
	Year = {2007},
	Bdsk-Url-1 = {http://library.seg.org/doi/abs/10.1190/1.2432483},
	Bdsk-Url-2 = {http://dx.doi.org/10.1190/1.2432483}}

@article{constable06,
	Author = {Constable, S. and Weiss, C.},
	Date-Added = {2013-04-03 18:44:29 +0000},
	Date-Modified = {2013-04-03 18:44:46 +0000},
	Doi = {10.1190/1.2187748},
	Eprint = {http://library.seg.org/doi/pdf/10.1190/1.2187748},
	Journal = {GEOPHYSICS},
	Number = {2},
	Pages = {G43-G51},
	Title = {Mapping thin resistors and hydrocarbons with marine EM methods: Insights from 1D modeling},
	Url = {http://library.seg.org/doi/abs/10.1190/1.2187748},
	Volume = {71},
	Year = {2006},
	Bdsk-Url-1 = {http://library.seg.org/doi/abs/10.1190/1.2187748},
	Bdsk-Url-2 = {http://dx.doi.org/10.1190/1.2187748}}

@article{mcgillivray94,
	Abstract = {A simple derivation is presented for the computation of sensitivities needed to solve parametric inverse problems in electromagnetic induction. It is shown that sensitivities for any component of an electromagnetic field can be obtained by solving two boundary-value problems which are identical except for the specification of the source terms and (possibly) prescribed boundary conditions. The electric fields from these primal and auxiliary problems are multiplied and integrated to produce a numerical value for the sensitivity. Although the final formulae derived here are equivalent to those developed through the use of formal adjoint or Green's functions approaches, our work does not require explicit derivation of the adjoint operator and boundary conditions and does not formally invoke reciprocity.},
	Author = {McGillivray, P. R. and Oldenburg, D. W. and Ellis, R. G. and Habashy, T. M.},
	Date-Added = {2013-03-28 19:00:27 +0000},
	Date-Modified = {2013-03-28 19:01:36 +0000},
	Doi = {10.1111/j.1365-246X.1994.tb02121.x},
	Eprint = {http://gji.oxfordjournals.org/content/116/1/1.full.pdf+html},
	Journal = {Geophysical Journal International},
	Number = {1},
	Pages = {1-4},
	Title = {Calculation of sensitivities for the frequency-domain electromagnetic problem},
	Url = {http://gji.oxfordjournals.org/content/116/1/1.abstract},
	Volume = {116},
	Year = {1994},
	Bdsk-Url-1 = {http://gji.oxfordjournals.org/content/116/1/1.abstract},
	Bdsk-Url-2 = {http://dx.doi.org/10.1111/j.1365-246X.1994.tb02121.x}}

@article{Greenhalgh09,
	Author = {Greenhalgh, SA and Zhou, B},
	Date-Added = {2013-01-31 12:46:51 +0000},
	Date-Modified = {2013-01-31 12:46:51 +0000},
	File = {:Users/ciceroregis/A\_Geofisica/Anisotropic resistivity sensitivities.pdf:pdf},
	Journal = {Geophysics},
	Number = {3},
	Pages = {F31--F43},
	Title = {{Explicit expressions for the Fr\'{e}chet derivatives in 3D anisotropic resistivity inversion}},
	Url = {http://geophysics.geoscienceworld.org/content/74/3/F31.short},
	Volume = {74},
	Year = {2009},
	Bdsk-Url-1 = {http://geophysics.geoscienceworld.org/content/74/3/F31.short}}

@article{christensen07,
	Author = {Christensen, N. and Dodds, K.},
	Date-Added = {2013-01-28 20:32:05 +0000},
	Date-Modified = {2013-01-28 20:32:25 +0000},
	Doi = {10.1190/1.2437092},
	Eprint = {http://library.seg.org/doi/pdf/10.1190/1.2437092},
	Journal = {GEOPHYSICS},
	Number = {2},
	Pages = {WA27-WA38},
	Title = {1D inversion and resolution analysis of marine CSEM data},
	Url = {http://library.seg.org/doi/abs/10.1190/1.2437092},
	Volume = {72},
	Year = {2007},
	Bdsk-Url-1 = {http://library.seg.org/doi/abs/10.1190/1.2437092},
	Bdsk-Url-2 = {http://dx.doi.org/10.1190/1.2437092}}

@article{vogel98,
	Acmid = {2319542},
	Address = {Piscataway, NJ, USA},
	Author = {Vogel, C. R. and Oman, M. E.},
	Date-Added = {2013-01-28 13:15:28 +0000},
	Date-Modified = {2013-01-28 13:16:10 +0000},
	Doi = {10.1109/83.679423},
	Issn = {1057-7149},
	Issue_Date = {June 1998},
	Journal = {IEEE Trans. Img. Proc.},
	Month = jun,
	Number = {6},
	Numpages = {12},
	Pages = {813--824},
	Publisher = {IEEE Press},
	Title = {Fast, robust total variation-based reconstruction of noisy, blurred images},
	Url = {http://dx.doi.org/10.1109/83.679423},
	Volume = {7},
	Year = {1998},
	Bdsk-Url-1 = {http://dx.doi.org/10.1109/83.679423}}

@article{rudin92,
	Acmid = {142312},
	Address = {Amsterdam, The Netherlands, The Netherlands},
	Author = {Rudin, Leonid I. and Osher, Stanley and Fatemi, Emad},
	Date-Added = {2013-01-28 13:13:38 +0000},
	Date-Modified = {2013-01-28 13:14:21 +0000},
	Doi = {10.1016/0167-2789(92)90242-F},
	Issn = {0167-2789},
	Issue_Date = {Nov. 1, 1992},
	Journal = {Phys. D},
	Month = nov,
	Number = {1-4},
	Numpages = {10},
	Pages = {259--268},
	Publisher = {Elsevier Science Publishers B. V.},
	Title = {Nonlinear total variation based noise removal algorithms},
	Url = {http://dx.doi.org/10.1016/0167-2789(92)90242-F},
	Volume = {60},
	Year = {1992},
	Bdsk-Url-1 = {http://dx.doi.org/10.1016/0167-2789(92)90242-F}}

@article{marquardt63,
	Abstract = {Most algorithms for the least-squares estimation of non-linear parameters
	have centered about either of two approaches. On the one hand, the
	model may be expanded as a Taylor series and corrections to the several
	parameters calculated at each iteration on the assumption of local
	linearity. On the other hand, various modifications of the method
	of steepest-descent have been used. Both methods not infrequently
	run aground, the Taylor series method because of divergence of the
	successive iterates, the steepest-descent (or gradient) methods because
	of agonizingly slow convergence after the first few iterations. In
	this paper a maximum neighborhood method is developed which, in effect,
	performs an optimum interpolation between the Taylor series method
	and the gradient method, the interpolation being based upon the maximum
	neighborhood in which the truncated Taylor series gives an adequate
	representation of the nonlinear model. The results are extended to
	the problem of solving a set of nonlinear algebraic equations.},
	Added-At = {2012-09-01T13:08:21.000+0200},
	Author = {Marquardt, Donald W.},
	Biburl = {http://www.bibsonomy.org/bibtex/28da575d91ad08f7cfdf1178206b9d326/nilsma},
	Date-Added = {2013-01-24 20:30:03 +0000},
	Date-Modified = {2013-01-24 20:31:30 +0000},
	Doi = {10.1137/0111030},
	Interhash = {ffab42c8e029f1cb83353a60ae734987},
	Intrahash = {8da575d91ad08f7cfdf1178206b9d326},
	Journal = {SIAM Journal on Applied Mathematics},
	Keywords = {inversion mathematics},
	Number = 2,
	Pages = {431--441},
	Publisher = {SIAM},
	Timestamp = {2012-09-01T13:08:21.000+0200},
	Title = {An algorithm for least-squares estimation of nonlinear parameters},
	Url = {http://dx.doi.org/10.1137/0111030},
	Volume = 11,
	Year = 1963,
	Bdsk-Url-1 = {http://dx.doi.org/10.1137/0111030}}

@article{campbell02,
	Author = {J. C. Campbell and J. M. Hyman and M. J. Shashkov},
	Date-Added = {2013-01-24 12:20:48 +0000},
	Date-Modified = {2013-01-24 12:21:23 +0000},
	Journal = {Computers & Mathematics with Applications},
	Month = Jul,
	Number = {1-2},
	Pages = {157--173},
	Title = {Mimetic finite difference operators for second-order tensors on unstructured grids},
	Urlpdf = {http://math.lanl.gov/~mac/papers/numerics/CHS01.ps},
	Volume = {44},
	Year = {2002}}

@article{jones83b,
	Adsurl = {http://adsabs.harvard.edu/abs/1983GeoSu...6...79J},
	Author = {Alan G. Jones},
	Date-Added = {2013-01-18 17:13:49 +0000},
	Date-Modified = {2017-06-21 20:55:57 +0000},
	Doi = {10.1007/BF01453996},
	Journal = {Geophysical Surveys},
	Pages = {79-122},
	Title = {{The problem of current channelling: A critical review}},
	Volume = 6,
	Year = 1983,
	Bdsk-Url-1 = {http://dx.doi.org/10.1007/BF01453996}}

@article{wiik11,
	Author = {Wiik, T. and L{\o}seth, L. and Ursin, B. and Hokstad, K.},
	Date-Added = {2013-01-10 13:51:06 +0000},
	Date-Modified = {2013-01-10 13:51:19 +0000},
	Doi = {10.1190/1.3524270},
	Eprint = {http://library.seg.org/doi/pdf/10.1190/1.3524270},
	Journal = {GEOPHYSICS},
	Number = {1},
	Pages = {F65-F76},
	Title = {TIV contrast source inversion of mCSEM data},
	Url = {http://library.seg.org/doi/abs/10.1190/1.3524270},
	Volume = {76},
	Year = {2011},
	Bdsk-Url-1 = {http://library.seg.org/doi/abs/10.1190/1.3524270},
	Bdsk-Url-2 = {http://dx.doi.org/10.1190/1.3524270}}

@article{sinha69,
	Author = {Ajit.K. Sinha},
	Date-Added = {2013-01-03 13:05:48 +0000},
	Date-Modified = {2013-01-03 13:53:04 +0000},
	Doi = {10.1016/0016-7142(69)90013-1},
	Issn = {0016-7142},
	Journal = {Geoexploration},
	Number = {1},
	Pages = {9 - 28},
	Title = {The magnetotelluric effect in an inhomogeneous and anisotropic earth},
	Url = {http://www.sciencedirect.com/science/article/pii/0016714269900131},
	Volume = {7},
	Year = {1969},
	Bdsk-Url-1 = {http://dx.doi.org/10.1016/0016-7142(69)90013-1},
	Bdsk-Url-2 = {http://www.sciencedirect.com/science/article/pii/0016714269900131}}

@article{praus69,
	Author = {Praus, O. and Petr, V.},
	Date-Added = {2013-01-03 12:01:33 +0000},
	Date-Modified = {2013-01-03 12:01:33 +0000},
	Doi = {10.1139/e69-070},
	Eprint = {http://www.nrcresearchpress.com/doi/pdf/10.1139/e69-070},
	Journal = {Canadian Journal of Earth Sciences},
	Number = {4},
	Pages = {759-769},
	Title = {Magnetotelluric calculations for the interaction of polarized fields with anisotropic layered media},
	Url = {http://www.nrcresearchpress.com/doi/abs/10.1139/e69-070},
	Volume = {6},
	Year = {1969},
	Bdsk-Url-1 = {http://www.nrcresearchpress.com/doi/abs/10.1139/e69-070},
	Bdsk-Url-2 = {http://dx.doi.org/10.1139/e69-070}}

@article{Weitemeyer2010,
	Author = {Weitemeyer, K. and G. Gao and S. Constable and D. Alumbaugh},
	Date-Added = {2012-12-07 16:59:50 +0000},
	Date-Modified = {2012-12-07 16:59:50 +0000},
	Jornal = {Geophysics},
	Number = {75},
	Pages = {F199--F211},
	Title = {The practical application of 2D inversion to marine controlled-source electromagnetic sounding},
	Year = {2010}}

@book{Zhdnv02,
	Address = {Amsterdam},
	Annote = {LDR    01360cam  22003617a 4500
001    15245887
005    20080505143132.0
008    080403s2002    enka     b    001 0 eng  
906    $a7$bcbc$ccopycat$d2$encip$f20$gy-gencatlg
925 0  $aacquire$b2 shelf copies$xpolicy default
955    $apv15 2008-04-03 z-processor (2 copies) to ASCD$ijx85 2008-04-18$ejx85 2008-04-18 to BCCD (two copies)
010    $a  2008272792
015    $aGBA2-Y4046
016    $aB0213574$2bccb
020    $a0444510893
020    $a9780444510891
035    $a(OCoLC)ocm49239686
040    $aUKM$cUKM$dOHX$dEYE$dOCLCQ$dBAKER$dNLGGC$dYDXCP$dDLC
042    $alccopycat
050 00 $aQC808.5$b.Z46 2002
072  7 $aQC$2lcco
082 04 $a550.1515$221
100 1  $aZhdanov, Mikhail Semenovich.
245 10 $aGeophysical inverse theory and regularization problems /$cMichael S. Zhdanov.
260    $aAmsterdam ;$aBoston :$bElsevier Science,$c2002.
300    $axxiii, 609 p. :$bill. ;$c25 cm.
440  0 $aMethods in geochemistry and geophysics ;$v36
504    $aIncludes bibliographical references and index.
650  0 $aInversion (Geophysics)
650  0 $aGeophysics$xMeasurement.
650  0 $aFunctional analysis.
650  0 $aMathematical optimization.
856 42 $3Publisher description$uhttp://www.loc.gov/catdir/enhancements/fy0833/2008272792-d.html
},
	Author = {Zhdanov, Mikhail Semenovich},
	Date-Added = {2012-12-04 21:16:32 +0000},
	Date-Modified = {2012-12-04 21:17:11 +0000},
	Genre = {Inversion (Geophysics)},
	Isbn = {0444510893},
	Library-Id = {2008272792},
	Publisher = {Elsevier Science},
	Title = {Geophysical inverse theory and regularization problems},
	Volume = {36},
	Year = {2002},
	Bdsk-Url-1 = {http://www.loc.gov/catdir/enhancements/fy0833/2008272792-d.html}}

@article{almeida11,
	Annote = {(In Portuguese)},
	Author = {Almeida, Frayzer Lima de AND Rijo, Luiz},
	Date-Added = {2012-12-04 18:51:46 +0000},
	Date-Modified = {2013-01-09 20:08:12 +0000},
	Issn = {0102-261X},
	Journal = {Revista Brasileira de Geof\'isica},
	Language = {pt},
	Month = {06},
	Pages = {289 - 308},
	Publisher = {scielo},
	Title = {Modelagens direta e inversa de dados mCSEM 3D},
	Volume = {29},
	Year = {2011},
	Bdsk-Url-1 = {http://www.scielo.br/scielo.php?script=sci_arttext&pid=S0102-261X2011000200007&nrm=iso}}

@article{raman11,
	Author = {Ramananjaona, Christophe and MacGregor, Lucy and Andr{\'e}is, David},
	Date-Added = {2012-12-04 13:43:36 +0000},
	Date-Modified = {2012-12-04 13:43:55 +0000},
	Doi = {10.1111/j.1365-2478.2010.00919.x},
	Issn = {1365-2478},
	Journal = {Geophysical Prospecting},
	Keywords = {Anisotropy, Electromagnetic, Resistivity},
	Number = {2},
	Pages = {341--360},
	Publisher = {Blackwell Publishing Ltd},
	Title = {Sensitivity and inversion of marine electromagnetic data in a vertically anisotropic stratified earth},
	Url = {http://dx.doi.org/10.1111/j.1365-2478.2010.00919.x},
	Volume = {59},
	Year = {2011},
	Bdsk-Url-1 = {http://dx.doi.org/10.1111/j.1365-2478.2010.00919.x}}

@article{key12,
	Author = {Kerry Key},
	Date-Added = {2012-10-26 12:13:49 +0000},
	Date-Modified = {2017-08-25 14:56:44 +0000},
	Journal = {Geophysics},
	Keywords = {resistivity; programming; modeling; electromagnetics},
	Number = {3},
	Pages = {F21-F30},
	Title = {Is the fast Hankel transform faster than quadrature?},
	Volume = {77},
	Year = {2012},
	Bdsk-Url-1 = {http://dx.doi.org/10.1190/geo2011-0237.1}}

@article{raman10,
	Abstract = {The marine Controlled-Source Electromagnetic (CSEM) method is a low frequency (diffusive) electromagnetic subsurface imaging technique aimed at mapping the electric resistivity of the earth by measuring the response to a source dipole emitting an electromagnetic field in a marine environment. Although assuming isotropy for the inversion is the most straightforward approach, in many situations horizontal layering of the earth strata and grain alignment within earth materials creates electric anisotropy. Ignoring this during interpretation may create artifacts in the inversion results. Accounting for this effect therefore requires adequate forward modelling and inversion procedures. We present here an inversion algorithm for vertically anisotropic media based on finite element modelling, the use of Fr{\'e}chet derivatives, and different types of regularisation. Comparisons between isotropic and anisotropic inversion results are given for the characterisation of an anisotropic earth from data measured in line with the source dipole for both synthetic and real data examples.},
	Author = {Christophe Ramananjaona and Lucy MacGregor},
	Date-Added = {2012-09-21 12:43:11 +0000},
	Date-Modified = {2012-09-21 12:43:34 +0000},
	Journal = {Journal of Physics: Conference Series},
	Number = {1},
	Pages = {012004},
	Title = {2.5D inversion of CSEM data in a vertically anisotropic earth},
	Url = {http://stacks.iop.org/1742-6596/255/i=1/a=012004},
	Volume = {255},
	Year = {2010}},
	Bdsk-Url-1 = {http://stacks.iop.org/1742-6596/255/i=1/a=012004}}

@article{dias12,
	Author = {Machado, Marcos Vitor Barbosa and Dias, Carlos Alberto},
	Date-Added = {2012-05-31 11:47:57 +0000},
	Date-Modified = {2012-05-31 11:48:11 +0000},
	Doi = {10.1111/j.1365-2478.2011.01042.x},
	Issn = {1365-2478},
	Journal = {Geophysical Prospecting},
	Keywords = {Main contribution zone, Induced current ring EM fields, Conductive half-space},
	Pages = {no--no},
	Publisher = {Blackwell Publishing Ltd},
	Title = {Zone of main contribution to the measured signal for a circular current loop source and receiver on the surface of a conductive half-space},
	Url = {http://dx.doi.org/10.1111/j.1365-2478.2011.01042.x},
	Year = {2012},
	Bdsk-Url-1 = {http://dx.doi.org/10.1111/j.1365-2478.2011.01042.x}}

@book{rabinowitz75,
	Author = {Davis, P. J. and Rabinowitz, P.},
	Date-Added = {2012-05-29 16:26:12 +0000},
	Date-Modified = {2012-05-29 17:09:43 +0000},
	Isbn = {9780122063503},
	Lccn = {73018976},
	Publisher = {Academic Press},
	Series = {Computer science and applied mathematics},
	Title = {Methods of numerical integration},
	Year = {1975}}

@article{farquharson96,
	Author = {Farquharson, C. G. and Oldenburg, D. W.},
	Date-Added = {2012-05-20 20:46:04 +0000},
	Date-Modified = {2012-05-20 20:46:36 +0000},
	Doi = {10.1111/j.1365-246X.1996.tb05282.x},
	Issn = {1365-246X},
	Journal = {Geophysical Journal International},
	Keywords = {electromagnetic methods, Fr{\'e}chet derivatives, inversion, magnetotellurics},
	Number = {1},
	Pages = {235--252},
	Publisher = {Blackwell Publishing Ltd},
	Title = {Approximate sensitivities for the electromagnetic inverse problem},
	Url = {http://dx.doi.org/10.1111/j.1365-246X.1996.tb05282.x},
	Volume = {126},
	Year = {1996},
	Bdsk-Url-1 = {http://dx.doi.org/10.1111/j.1365-246X.1996.tb05282.x}}

@book{oristaglio99,
	Author = {Oristaglio, M.L. and Spies, B.R.},
	Date-Added = {2012-05-20 20:16:55 +0000},
	Date-Modified = {2012-05-20 20:17:35 +0000},
	Lccn = {98030016},
	Publisher = {Society of Exploration Geophysicists},
	Series = {Geophysical development series},
	Title = {Three-dimensional electromagnetics},
	Url = {http://books.google.com.br/books?id=fX1PAQAAIAAJ},
	Year = {1999},
	Bdsk-Url-1 = {http://books.google.com.br/books?id=fX1PAQAAIAAJ}}

@article{farquharson98,
	Author = {Farquharson, C. G. and Oldenburg, D. W.},
	Date-Added = {2012-05-20 04:20:10 +0000},
	Date-Modified = {2012-05-20 04:23:32 +0000},
	Journal = {Geophys. J. Int.},
	Pages = {213-227},
	Title = {Non-linear inversion using general measures of data misfit and model structure},
	Volume = {134},
	Year = {1998}}

@article{lima11,
	Author = {Williams A. Lima and Cristiano M. Martins and Joao B. C. Silva and Valeria C. F. Barbosa},
	Date-Added = {2012-05-16 20:39:05 +0000},
	Date-Modified = {2014-03-26 12:39:04 +0000},
	Doi = {10.1190/1.3524547},
	Journal = {Geophysics},
	Keywords = {faulting; geophysical techniques},
	Number = {1},
	Pages = {I13-I20},
	Publisher = {SEG},
	Title = {Total variation regularization for depth-to-basement estimate: Part 2 --- Physicogeologic meaning and comparisons with previous inversion methods},
	Url = {http://link.aip.org/link/?GPY/76/I13/1},
	Volume = {76},
	Year = {2011},
	Bdsk-Url-1 = {http://link.aip.org/link/?GPY/76/I13/1},
	Bdsk-Url-2 = {http://dx.doi.org/10.1190/1.3524547}}

@article{martins11,
	Author = {Cristiano M. Martins and Williams A. Lima and Valeria C. F. Barbosa and Joao B. C. Silva},
	Date-Added = {2012-05-16 20:33:35 +0000},
	Date-Modified = {2012-05-16 20:38:01 +0000},
	Doi = {10.1190/1.3524286},
	Journal = {Geophysics},
	Keywords = {faulting; geophysical techniques; Hessian matrices; hydrocarbon reservoirs},
	Number = {1},
	Pages = {I1-I12},
	Publisher = {SEG},
	Title = {Total variation regularization for depth-to-basement estimate: Part 1 --- Mathematical details and applications},
	Url = {http://link.aip.org/link/?GPY/76/I1/1},
	Volume = {76},
	Year = {2011},
	Bdsk-Url-1 = {http://link.aip.org/link/?GPY/76/I1/1},
	Bdsk-Url-2 = {http://dx.doi.org/10.1190/1.3524286}}

@article{acar94,
	Author = {R. Acar and C. R. Vogel},
	Date-Added = {2012-05-15 23:16:59 +0000},
	Date-Modified = {2012-05-15 23:22:09 +0000},
	Journal = {Inverse Problems},
	Pages = {1217-1229},
	Title = {Analysis of bounded variation penalty methods for ill-posed problems},
	Volume = {10},
	Year = {1994}}

@phdthesis{dias68,
	Author = {Carlos A. Dias},
	Date-Added = {2012-05-05 02:13:02 +0000},
	Date-Modified = {2013-05-24 20:10:59 +0000},
	Month = {September},
	School = {University of California, Berkley},
	Title = {A non-grounded method for measuring induced electrical polarization and conductivity},
	Year = {1968}}

@article{hohmann70,
	Author = {Gerald W. Hohmann and Paul R. Kintzinger and Gerald D. Van voorhis and Stanley H. Ward},
	Date-Added = {2012-05-05 02:06:47 +0000},
	Date-Modified = {2012-05-05 02:10:27 +0000},
	Journal = {Geophysics},
	Month = {October},
	Number = {5},
	Pages = {901-915},
	Title = {Evaluation of the measurement of induced electrical polarization with an inductive system},
	Volume = {35},
	Year = {1970}}

@inproceedings{carvalho11,
	Author = {Carvalho, Paulo Roberto de and R\'egis, C\'icero Roberto Teixeira and Howard, Allen Q. Jr.},
	Booktitle = {12th CISBGf Expanded Abstracts},
	Date-Modified = {2013-12-11 21:14:00 +0000},
	Meeting = {12th International Congress of the Brazilian Geophysical Society},
	Month = {August},
	Optpublisher = {SBGf},
	Organization = {SBGf},
	Title = {Magnetic Point Dipole versus Finite-size Circular loop models in Coaxial and Coplanar Two Coil arrays in induction Tools},
	Year = {2011}}

@inproceedings{howard11,
	Author = {Howard, Allen Q. Jr.},
	Booktitle = {12th CISBGf Expanded Abstracts},
	Meeting = {12th International Congress of the Brazilian Geophysical Society},
	Month = {August},
	Optpublisher = {SBGf},
	Organization = {SBGf},
	Title = {On Numerical Integration of Sea Bed Logging EM Models},
	Year = {2011}}

@book{chew99,
	Author = {Chew, W.C.},
	Date-Modified = {2012-05-29 17:11:48 +0000},
	Isbn = {9780780347496},
	Lccn = {94032641},
	Publisher = {IEEE Press},
	Series = {IEEE Press series on electromagnetic waves},
	Title = {Waves and fields in inhomogeneous media},
	Year = {1999},
	Bdsk-Url-1 = {http://books.google.com/books?id=fdmbTY-F3%5C_cC}}

@book{felsen94,
	Author = {Felsen, L.B. and Marcuvitz, N.},
	Date-Modified = {2012-05-29 17:12:39 +0000},
	Isbn = {9780780310889},
	Lccn = {94015497},
	Publisher = {IEEE Press},
	Series = {IEEE Press series on electromagnetic waves},
	Title = {Radiation and scattering of waves},
	Year = {1994},
	Bdsk-Url-1 = {http://books.google.com/books?id=GR71VojdFdQC}}

@article{silva11,
	Author = {Silva, Valdel\'{\i}rio Silva e and C\'{\i}cero R\'{e}gis and Howard, Allen Q. Jr.},
	Date-Modified = {2012-06-01 20:20:35 +0000},
	Doi = {10.1190/1.3628187},
	Journal = {SEG Technical Program Expanded Abstracts},
	Keywords = {2D; electromagnetic; modeling},
	Number = {1},
	Pages = {756-760},
	Publisher = {SEG},
	Title = {Numerical integration in the calculation of the 2.5-D response of a very large loop},
	Url = {http://link.aip.org/link/?SGA/30/756/1},
	Volume = {30},
	Year = {2011},
	Bdsk-Url-1 = {http://link.aip.org/link/?SGA/30/756/1},
	Bdsk-Url-2 = {http://dx.doi.org/10.1190/1.3628187}}

@book{numrec07,
	Address = {Cambridge},
	Author = {Press, William},
	Isbn = {0521880688},
	Publisher = {Cambridge University Press},
	Title = {Numerical Recipes},
	Year = {2007}}

@conference{dias06,
	Author = {Carlos A. Dias and Olivar A. L. de Lima H\'{e}dison K. Sato and J. A. C. Moraes},
	Booktitle = {EAGE 68th Conference \& Exhibition},
	Date-Added = {2011-04-05 13:46:02 -0300},
	Date-Modified = {2011-04-05 18:58:46 -0300},
	Month = {June},
	Organization = {EAGE},
	Title = {Contribution to Oil Exploration and Development - A Successful Inductive Multi-Frequency EM Survey On-Shore Brazil},
	Year = {2006}}

@article{dias05,
	Author = {Carlos A. Dias and H\'{e}dison K. Sato and Olivar A. L. de Lima},
	Date-Added = {2011-04-05 13:26:43 -0300},
	Date-Modified = {2011-04-05 13:26:52 -0300},
	Doi = {10.1190/1.2144393},
	Journal = {SEG Technical Program Expanded Abstracts},
	Number = {1},
	Pages = {602-604},
	Publisher = {SEG},
	Title = {Multi-frequency EM method for hydrocarbon detection and for monitoring fluid invasion during enhanced oil recovery},
	Url = {http://link.aip.org/link/?SGA/24/602/1},
	Volume = {24},
	Year = {2005},
	Bdsk-Url-1 = {http://link.aip.org/link/?SGA/24/602/1},
	Bdsk-Url-2 = {http://dx.doi.org/10.1190/1.2144393}}

@article{jinsong08,
	Affiliation = {China University of Petroleum Department of Geophysics, School of Resources and Information Technology Beijing 102249 China},
	Author = {Jinsong Shen and Wenbo Sun},
	Date-Added = {2011-04-05 13:24:27 -0300},
	Date-Modified = {2011-04-05 19:30:59 -0300},
	Issn = {1672-5107},
	Issue = {2},
	Journal = {Petroleum Science},
	Keyword = {Earth sciences},
	Pages = {126-134},
	Publisher = {China University of Petroleum},
	Title = {2.5-D modeling of cross-hole electromagnetic measurement by finite element method},
	Url = {http://dx.doi.org/10.1007/s12182-008-0020-6},
	Volume = {5},
	Year = {2008},
	Bdsk-Url-1 = {http://dx.doi.org/10.1007/s12182-008-0020-6}}

@article{mitsuhata00,
	Author = {Yuji Mitsuhata},
	Date-Added = {2011-04-05 13:22:36 -0300},
	Date-Modified = {2011-04-05 13:22:46 -0300},
	Doi = {10.1190/1.1444740},
	Journal = {Geophysics},
	Number = {2},
	Pages = {465-475},
	Publisher = {SEG},
	Title = {2-D electromagnetic modeling by finite-element method with a dipole source and topography},
	Url = {http://link.aip.org/link/?GPY/65/465/1},
	Volume = {65},
	Year = {2000},
	Bdsk-Url-1 = {http://link.aip.org/link/?GPY/65/465/1},
	Bdsk-Url-2 = {http://dx.doi.org/10.1190/1.1444740}}

@book{chew08,
	Author = {Chew, Weng Cho and Tong, Mei Song and Hu, Bin},
	Date-Added = {2011-04-05 13:14:09 -0300},
	Date-Modified = {2011-04-05 19:43:38 -0300},
	Doi = {10.2200/S00102ED1V01Y200807CEM012},
	Eprint = {http://www.morganclaypool.com/doi/pdf/10.2200/S00102ED1V01Y200807CEM012},
	Journal = {Synthesis Lectures on Computational Electromagnetics},
	Number = {1},
	Pages = {1-241},
	Title = {Integral Equation Methods for Electromagnetic and Elastic Waves},
	Url = {http://www.morganclaypool.com/doi/abs/10.2200/S00102ED1V01Y200807CEM012},
	Volume = {3},
	Year = {2008},
	Bdsk-Url-1 = {http://www.morganclaypool.com/doi/abs/10.2200/S00102ED1V01Y200807CEM012},
	Bdsk-Url-2 = {http://dx.doi.org/10.2200/S00102ED1V01Y200807CEM012}}

@article{howard00,
	Author = {Howard, A. Q. Jr.},
	Date-Added = {2011-04-05 13:08:02 -0300},
	Date-Modified = {2011-04-05 13:08:37 -0300},
	Doi = {10.1109/8.898770},
	Issn = {0018-926X},
	Journal = {Antennas and Propagation, IEEE Transactions on},
	Keywords = {MWD resistivity tool;MWD tool response;Sommerfeld-type integrals;anisotropic earth;anisotropy index;deviated holes;drill bit;drill collar;earth conductivity;horizontal direction;horizontal holes;inclination angle;loop sensors;magnetic dipole fields;magnetic dipoles;measurement-while-drilling;petrophysics;resistivity anisotropy;resistivity log data;vertical direction;anisotropic media;electrical resistivity;integral equations;magnetic fields;petroleum industry;sensors;},
	Month = sep,
	Number = {9},
	Pages = {1376 -1383},
	Title = {Petrophysics of magnetic dipole fields in an anisotropic earth},
	Volume = {48},
	Year = {2000},
	Bdsk-Url-1 = {http://dx.doi.org/10.1109/8.898770}}

@article{anderson88,
	Author = {Barbara Anderson and Kambiz Ali Safinya and Tarek Habashy},
	Date-Added = {2011-04-05 13:01:43 -0300},
	Date-Modified = {2011-04-05 14:50:06 -0300},
	Journal = {SPE Formation Evaluation},
	Month = {March},
	Number = {1},
	Pages = {29-36},
	Title = {Effect of dipping beds on the response of induction tools},
	Volume = {3},
	Year = {1988}}

@phdthesis{machado09,
	Annote = {(In portuguese)},
	Author = {Marcos Vinicius B. Machado},
	Date-Added = {2011-04-05 12:52:36 -0300},
	Date-Modified = {2013-12-12 13:58:37 +0000},
	School = {Universidade Estadual Norte Fluminense Darcy Ribeiro},
	Title = {Estudo anal\'itico e aplica\c{c}\~ao do m\'etodo eletromagn\'etico a multi-frequ\^encia ao mapeamento e identifica\c{c}\~ao de fluidos e reservat\'orios continentais de petr\'oleo.},
	Type = {PhD Thesis. In portuguese},
	Year = {2009}}

@article{singh05,
	Affiliation = {Institute of Seismology and Volcanology Hokkaido University N10W8 Kita-ku Sapporo 060-0810 Japan},
	Author = {Singh, Nagendra Pratap and Mogi, Toru},
	Date-Added = {2011-04-05 12:51:24 -0300},
	Date-Modified = {2011-04-05 18:56:36 -0300},
	Issn = {0033-4553},
	Issue = {1},
	Journal = {Pure and Applied Geophysics},
	Keyword = {Earth and Environmental Science},
	Pages = {181-200},
	Publisher = {Birkh{\"a}user Basel},
	Title = {Electromagnetic Response of a Large Circular Loop Source on a Layered Earth: A New Computation Method},
	Url = {http://dx.doi.org/10.1007/s00024-004-2586-2},
	Volume = {162},
	Year = {2005},
	Bdsk-Url-1 = {http://dx.doi.org/10.1007/s00024-004-2586-2}}

@article{singh03,
	Author = {Singh, Nagendra Pratap and Mogi, Toru},
	Date-Added = {2011-05-08 20:36:36 -0300},
	Date-Modified = {2011-05-19 09:23:58 -0300},
	Journal = {Computers and Geosciences},
	Number = {29},
	Pages = {1301-1307},
	Publisher = {Elsevier},
	Title = {EMLCLLER - a program for computing the EM response of a large loop source over a layered earth models},
	Volume = {29},
	Year = {2003}}

@article{singh07,
	Affiliation = {Department of Geophysics, Banaras Hindu University, Varanasi-221 005, (U.P.) India. Institute of Seismology and Volcanology Hokkaido University N10W8 Kita-ku Sapporo 060-0810 Japan},
	Author = {Singh, Nagendra Pratap and Mogi, Toru},
	Date-Added = {2011-05-08 21:23:24 -0300},
	Date-Modified = {2011-05-08 21:56:36 -0300},
	Doi = {10.1007/s.00024-007-0208-5},
	Journal = {Pure and Applied Geophysics},
	Keyword = {Earth and Environmental Science},
	Pages = {1113-1114},
	Publisher = {Birkh{\"a}user Basel},
	Title = {Reply to the note on ¥¥Electromagnetic Response of a Large Circular Loop Source on a Layered Earth: A New Computation Method, by N. P. Singh and T. Mogi''},
	Volume = {164},
	Year = {2007},
	Bdsk-Url-1 = {http://dx.doi.org/10.1007/s.00024-007-0208-5}}

@article{ryu70,
	Author = {Jisoo Ryu and H. Frank Morrison and Stanley H. Ward},
	Date-Added = {2011-04-04 19:36:44 -0300},
	Date-Modified = {2011-04-04 19:38:18 -0300},
	Doi = {10.1190/1.1440134},
	Journal = {Geophysics},
	Number = {5},
	Pages = {862-896},
	Publisher = {SEG},
	Title = {Electromagnetic fields about a loop source of current},
	Url = {http://link.aip.org/link/?GPY/35/862/1},
	Volume = {35},
	Year = {1970},
	Bdsk-Url-1 = {http://link.aip.org/link/?GPY/35/862/1},
	Bdsk-Url-2 = {http://dx.doi.org/10.1190/1.1440134}}

@article{chave83,
	Author = {A. D. Chave},
	Date-Added = {2011-02-23 09:48:17 -0300},
	Date-Modified = {2011-02-23 09:50:17 -0300},
	Journal = {Geophysics},
	Number = {12},
	Pages = {1671-1686},
	Title = {Numerical integration of related {H}ankel-transforms by quadrature and continued fraction expansion},
	Volume = {48},
	Year = {1983}}

@article{guptasarma97,
	Author = {D. Guptasarma and B. Singh},
	Date-Added = {2011-02-23 09:18:54 -0300},
	Date-Modified = {2011-02-23 09:21:00 -0300},
	Journal = {Geophysical Prospecting},
	Number = {05},
	Pages = {745-762},
	Title = {New digital linear filters for {H}ankel {J}0 and {J}1 transforms},
	Volume = {45},
	Year = {1997}}

@article{anderson79,
	Author = {Walter L. Anderson},
	Date-Added = {2011-02-23 09:12:41 -0300},
	Date-Modified = {2011-02-23 09:17:13 -0300},
	Journal = {Geophysics},
	Number = {07},
	Pages = {1287-1305},
	Title = {Numerical integration of related {H}ankel transforms of orders 0 and 1 by adaptive digital filtering},
	Volume = {44},
	Year = {1979}}

@book{parker94,
	Author = {Robert L. Parker},
	Date-Added = {2011-02-18 15:04:07 -0300},
	Date-Modified = {2011-02-18 15:04:07 -0300},
	Publisher = {Princeton University Press},
	Title = {Geophysical Inverse Theory},
	Year = {1994}}

@article{medeiros96,
	Author = {Walter E. Medeiros and J. B. C. Silva},
	Date-Added = {2011-02-18 15:04:07 -0300},
	Date-Modified = {2011-02-18 15:04:07 -0300},
	Journal = {Geophysics},
	Number = {6},
	Pages = {1678-1688},
	Title = {Geophysical inversion using aproximate equality constraints},
	Volume = {61},
	Year = {1996}}

@article{yin03,
	Author = {Changchun Yin},
	Date-Added = {2011-02-18 15:04:07 -0300},
	Date-Modified = {2011-02-18 15:04:07 -0300},
	Journal = {Geophysics},
	Pages = {138-146},
	Title = {Inherent nonuniqueness in magnetotelluric inversion for 1D anisotropic models},
	Volume = {68},
	Year = {2003}}

@article{jackson72,
	Author = {D. D. Jackson},
	Date-Added = {2011-02-18 15:04:07 -0300},
	Date-Modified = {2011-02-18 15:04:07 -0300},
	Journal = {Geophys. J. R. Astr. Soc.},
	Pages = {97-109},
	Title = {Interpretation of inaccurate, insufficient and inconsistent data},
	Volume = {28},
	Year = {1972}}

@article{abramovici77,
	Author = {F. Abramovici and Y. Shoham},
	Date-Added = {2011-02-18 15:04:07 -0300},
	Date-Modified = {2011-02-18 15:04:07 -0300},
	Journal = {Geophys. J. R. astr. Soc.},
	Pages = {55-74},
	Title = {Inversion of anisotropic magnetotelluric data},
	Volume = {50},
	Year = {1977}}

@incollection{weidelt75,
	Author = {Weidelt, P.},
	Booktitle = {Magnetotelluric methods},
	Chapter = {3},
	Date-Added = {2011-02-18 15:04:07 -0300},
	Date-Modified = {2011-02-18 15:04:07 -0300},
	Opteditor = {Keeva Vozoff},
	Publisher = {SEG},
	Series = {Geophysics reprint series},
	Title = {Inversion of two-dimensional conductivity structures},
	Type = {section},
	Volume = {5},
	Year = {1985}}

@article{pedersen86,
	Author = {Jens Pedersen and John F. Hermance},
	Date-Added = {2011-02-18 15:04:07 -0300},
	Date-Modified = {2011-02-18 15:04:07 -0300},
	Journal = {Surveys in Geophysics},
	Pages = {187-231},
	Title = {Least squares inversion of one-dimensional magnetotelluric data: an assessment of procedures employed by Brown University},
	Volume = {8},
	Year = {1986}}

@article{constable87,
	Author = {S. C. Constable and R. L. Parker and C. G. Constable},
	Date-Added = {2011-02-18 15:04:07 -0300},
	Date-Modified = {2011-02-18 15:04:07 -0300},
	Journal = {Geophysics},
	Number = {3},
	Pages = {289-300},
	Title = {Occam's inversion: a practical algorithm for generating smooth models from EM sounding data},
	Volume = {52},
	Year = {1987}}

@article{degroot90,
	Author = {C. deGroot-Hedlin and S. Constable},
	Date-Added = {2011-02-18 15:04:07 -0300},
	Date-Modified = {2011-02-18 15:04:07 -0300},
	Journal = {Geophysics},
	Number = {12},
	Pages = {1613-1624},
	Title = {Occam's inversion to generate smooth, two-dimensional models from magnetotelluric data},
	Volume = {55},
	Year = {1990}}

@article{jones83a,
	Author = {Alan G. Jones},
	Date-Added = {2011-02-18 15:04:07 -0300},
	Date-Modified = {2017-06-21 21:15:32 +0000},
	Journal = {Journal of Geophysics},
	Pages = {72-73},
	Title = {On the equivalence of the ``{Niblet}'' and ``{Bostick}'' transformations in the magnetotelluric method},
	Volume = {53},
	Year = {1983}}

@article{oldenburg79,
	Author = {Douglas W. Oldenburg},
	Date-Added = {2011-02-18 15:04:07 -0300},
	Date-Modified = {2011-02-18 15:04:07 -0300},
	Journal = {Geophysics},
	Pages = {1218-1244},
	Title = {One-dimensional inversion of natural sorce magnetotelluric observations},
	Volume = {44},
	Year = {79}}

@article{jupp75,
	Author = {D. L. B. Jupp and K. Vozoff},
	Date-Added = {2011-02-18 15:04:07 -0300},
	Date-Modified = {2011-02-18 15:04:07 -0300},
	Journal = {Geophys. J. R. Astr. Soc.},
	Pages = {957-976},
	Title = {Stable iterative methods for the inversion of geophysical data},
	Volume = {42},
	Year = {1975}}

@article{wu68,
	Author = {Francis T. Wu},
	Date-Added = {2011-02-18 15:04:07 -0300},
	Date-Modified = {2011-02-18 15:04:07 -0300},
	Journal = {Geophysics},
	Pages = {972-979},
	Title = {The inverse problem of magnetotelluric sounding},
	Volume = {33},
	Year = {1968}}

@incollection{jupp77,
	Author = {Jupp, David L. B. and Vozoff, K.},
	Booktitle = {Magnetotelluric methods},
	Chapter = {3},
	Date-Added = {2011-02-18 15:04:07 -0300},
	Date-Modified = {2011-02-18 15:04:07 -0300},
	Opteditor = {Keeva Vozoff},
	Pages = {460-479},
	Publisher = {SEG},
	Series = {Geophysics reprint series},
	Title = {Two-dimensional magnetotelluric inversion},
	Type = {section},
	Volume = {5},
	Year = {1985}}

@article{parker77,
	Author = {Robert L. Parker},
	Date-Added = {2011-02-18 15:04:07 -0300},
	Date-Modified = {2011-02-18 15:04:07 -0300},
	Journal = {Ann. Rev. Earth Planet. Sci.},
	Optmonth = {may},
	Pages = {35-64},
	Title = {Understanding inverse theory},
	Volume = {5},
	Year = {1977}}

@book{ABST65,
	Address = {New York},
	Author = {Milton Abramowitz and Irene A. Stegun},
	Date-Modified = {2017-06-21 21:50:34 +0000},
	Pages = {1046},
	Publisher = {Dover Publication, Inc},
	Title = {Handbook of Mathematical Functions},
	Year = 1965}

@inbook{nabig_cap4,
	Author = {Stanley H. Ward and Gerald W. Hohmann},
	Bookeditor = {Misac N. Nabighian},
	Booktitle = {Electomagnetic Methods in Applied Geophysics, Vol. 1, Theory},
	Chapter = {Electromagnetic Theory for Geophysical Applications},
	Date-Modified = {2017-08-21 17:53:44 +0000},
	Pages = {130-311},
	Publisher = {SEG},
	Series = {Investigations in Geophysics},
	Title = {Electomagnetic Methods in Applied Geophysics, Vol. 1, Theory},
	Type = {chapter},
	Volume = {1},
	Year = {1987}}

@inbook{nabig_cap5,
	Author = {Gerald W. Hohmann},
	Booktitle = {Electomagnetic Methods in Applied Geophysics, Vol. 1, Theory},
	Chapter = {5},
	Date-Modified = {2015-06-13 14:00:03 +0000},
	Editor = {Misac N. Nabighian},
	Pages = {312-363},
	Publisher = {SEG},
	Series = {Investigations in Geophysics},
	Title = {Numerical Modeling for Electromagnetic Methods of Geophysics},
	Type = {chapter},
	Volume = {1},
	Year = {1987}}

@article{FUOL84,
	Author = {P. K. Fullagar and D. W. Oldenburg},
	Journal = {Geophysics},
	Number = {2},
	Optmonth = {February},
	Title = {Inversion of horizontal loop electromagnetic frequency soundings},
	Volume = {49},
	Year = {1984}}

@book{WATS66,
	Address = {Cambridge},
	Author = {G. N. Watson},
	Publisher = {Cambridge University Press},
	Title = {A Treatise on the Theory of Bessel Functions},
	Year = 1966}

@article{warren96,
	Author = {R. K. Warren},
	Journal = {Geophysical Prospecting},
	Number = {6},
	Title = {A few case histories of subsurface amaging with EMAP as an aid to seismic prospecting and interpretation},
	Volume = {44},
	Year = {1996}}

@inproceedings{ANDHAB86,
	Author = {B. Anderson and K. A. Safinya and T. Habashy},
	Booktitle = {61st Annual Technical Conference and Exhibition of the Society of Petroleum Engineers},
	Meeting = {61st Annual Technical Conference and Exhibition},
	Optpublisher = {SPE},
	Organization = {SPE},
	Title = {Effects of dipping beds on the response of induction tools},
	Year = {1986}}

@article{abramovici76,
	Author = {F. Abramovici and M. Landisman and Y. Shoham},
	Journal = {Geophys. J. R. Astr. Soc.},
	Pages = {359-378},
	Title = {Partial Derivatives for the One-Dimensional Magnetotelluric Problem},
	Volume = {44},
	Year = {1976}}

@article{abramovici74,
	Author = {Flavian Abramovici},
	Journal = {Geophysics},
	Number = {1},
	Optmonth = {feb},
	Pages = {56-68},
	Title = {The foward magnetotelluric problem for an inhomogeneous and anisotropic structure},
	Volume = {39},
	Year = {1974}}

@inproceedings{bostick86,
	Author = {Francis X. Bostick},
	Booktitle = {Expanded Abstr.},
	Editor = {SEG},
	Meeting = {Soc. Expl. Geophys. Ann. Int. Mtg. Huston, 1986},
	Organization = {Soc. Expl. Geophys.},
	Pages = {60-61},
	Publisher = {SEG},
	Title = {Electromagnetic array profiling (EMAP)},
	Year = {1986}}

@incollection{eggers82,
	Author = {Dwight E. Eggers},
	Booktitle = {Magnetotelluric methods},
	Chapter = {1},
	Editor = {Keeva Vozoff},
	Pages = {129-139},
	Publisher = {SEG},
	Series = {Geophysics reprint series},
	Title = {An eigenstate formulation of the magnetotelluric impedance tensor},
	Type = {section},
	Year = {1986}}

@article{fischer75,
	Author = {G. Fischer},
	Journal = {Geophysics},
	Number = {6},
	Pages = {1046-1050},
	Title = {Symetry properties of the surface impedance tensor for structures with a vertical plane of symmetry},
	Volume = {40},
	Year = {1975}}

@article{jiracek90,
	Author = {Jiracek, G. R.},
	Journal = {Surveys in Geophysics},
	Number = {2},
	Optmonth = {feb},
	Pages = {163-203},
	Title = {Near-surface and topographic distortions in electromagnetic induction},
	Volume = {11},
	Year = {1990}}

@article{jones93,
	Author = {Alan C. Jones and Ross W. Groom},
	Journal = {Geophys. J. Int.},
	Pages = {524-534},
	Title = {Strike-angle determination from the magnetotelluric impedance tensor in the presence of noise and local distortion: rotate at your peril!},
	Volume = {113},
	Year = {1993}}

@article{kunetz62,
	Author = {d'Erville, I. and Kunetz, G.},
	Journal = {Geophysics},
	Number = {5},
	Optmonth = {may},
	Pages = {651-665},
	Title = {The effect of a fault on the earth's natural electromagnetic field},
	Volume = {27},
	Year = {1962}}

@article{obrien67,
	Author = {Douglas P. O'Brien and H. F. Morrison},
	Journal = {Geophysics},
	Number = {4},
	Optmonth = {aug},
	Pages = {668-677},
	Title = {Electromagnetic fields in an N-layer anisotropic half-space},
	Volume = {32},
	Year = {1967}}

@incollection{pokityansky61,
	Author = {I. I. Pokityanski},
	Booktitle = {Magnetotelluric methods},
	Chapter = {1},
	Editor = {Keeva Vozoff},
	Pages = {143-147},
	Publisher = {SEG},
	Series = {Geophysics reprint series},
	Title = {On the application of the magnetotelluric method to anisotropic and inhomogeneous masses},
	Type = {section},
	Year = {1985}}

@article{reddy71,
	Author = {I. K. Reddy and D. Rankin},
	Journal = {Geophysical prospecting},
	Pages = {84-97},
	Title = {Magnetotelluric effect of dipping anisotropies},
	Volume = {19},
	Year = {1971}}

@article{reddy75,
	Author = {I. K. Reddy and D. Rankin},
	Journal = {Geophysics},
	Number = {6},
	Pages = {1035-1045},
	Title = {Magnetotelluric response of laterally inhomogeneous and anisotropic media},
	Volume = {40},
	Year = {1975}}

@inproceedings{regis95,
	Author = {C\'{\i}cero R. T. R\'egis},
	Booktitle = {Anais do 4o. Congresso da SBGF},
	Meeting = {4o. Congresso int. da SBG},
	Organization = {SBGF},
	Title = {Three-dimensional EMAP modelling},
	Volume = {2},
	Year = {1995}}

@incollection{tikhonov50,
	Author = {A. N. Tikhonov},
	Booktitle = {Magnetotelluric Methods},
	Chapter = {1},
	Editor = {Keeva Vozoff},
	Pages = {2-3},
	Publisher = {SEG},
	Series = {Geophysics Reprint Series},
	Title = {On determining electrical characteristics of the deep layers of the earth's crust},
	Type = {Section},
	Volume = {5},
	Year = {1985}}

@inproceedings{torres90,
	Author = {Carlos Torres-Verdin and Francis X. Bostick},
	Booktitle = {Soc. expl. geophys. ann. int. mtg., San Francisco 1990 Expanded abst.},
	Editor = {SEG},
	Pages = {520-523},
	Publisher = {SEG},
	Title = {Properties of EMAP in two-dimensional environments},
	Year = {1990}}

@article{torres92a,
	Author = {Carlos Torres-Verdin and Francis X. Bostick},
	Journal = {Geophysics},
	Number = {4},
	Pages = {587-602},
	Title = {Implications of the Born aproximation for the magnetotelluric problem in three-dimensional environments},
	Volume = {57},
	Year = {1992}}

@article{torres92b,
	Author = {Carlos Torres-Verdin and Francis X. Bostick},
	Journal = {Geophysics},
	Number = {4},
	Pages = {603-622},
	Title = {Principles of spatial surface electric field filtering in magnetotellurics: Electromagnetic array profiling (EMAP)},
	Volume = {57},
	Year = {1992}}

@article{shoham75,
	Author = {Y. Shoham and D. Loewenthal},
	Journal = {Phys. Earth Planet. Int.},
	Pages = {128-138},
	Title = {Matrix Polynomial Representation of The anisotropic Magnetotelluric impedance tensor},
	Volume = {11},
	Year = {1975}}

@article{regis10,
	Author = {C\'icero R\'egis and Edelson da Cruz Luz and Marcus Danilo Costa},
	Date-Modified = {2012-05-31 17:35:51 +0000},
	Doi = {10.1190/1.3513923},
	Journal = {SEG Technical Program Expanded Abstracts},
	Keywords = {anisotropy; inversion; magnetotelluric},
	Number = {1},
	Pages = {900-904},
	Publisher = {SEG},
	Title = {Inversion of anisotropic MT data using approximate equality constrains},
	Url = {http://link.aip.org/link/?SGA/29/900/1},
	Volume = {29},
	Year = {2010},
	Bdsk-Url-1 = {http://link.aip.org/link/?SGA/29/900/1},
	Bdsk-Url-2 = {http://dx.doi.org/10.1190/1.3513923}}
