% bibliografia

@book{kochenderfer2019algorithms,
	title={Algorithms for optimization},
	author={Kochenderfer, Mykel J and Wheeler, Tim A},
	year={2019},
	publisher={Mit Press}
}


