%BIBLIOGRAFIA
%---------------- Cap_1---------------------------

@book{Lourenildo(2015),
   title =     {Conceitos da Análise Espectral de Sinais em Geofísica.},
   author =    {Leite, L. W. B.},
   publisher = {Instituto Nacional de Ciência e Tecnologia de Geofísica do Petróleo, INCT-GP.},
   isbn =      {},
   year =      {2015},
   series =    {},
   edition =   {},
   volume =    {},
   url =       {}
}

@book{Forel(2005),
	author    = {Forel, D. and Benz, T. and Pennington, W. D.},
	title     = {Seismic data processing with seismic un*x},
	publisher = {Society of Exploration Geophysicists},
	year      = {2005},
	address   = {Tulsa, Oklahoma},
	edition   = {},
	volume    = {},
	number    = {},
	pages     = {},
	month     = {}
}

@article{ylmaz1987seismic,
	title={Seismic Data Processing: SEG Publication},
	author={YLMAZ, O},
	journal={Tulsa, OK},
	year={1987}
}


@book{STOCKWELL(2017),
   title =     {CWP/SU: Seismic Un*x Package - a free open seismic processing, research, and educational software package.},
   author =    {Cohen, J. K.; Stockwell, J. J. W.},
   publisher = {Colorado School of Mines: Center for Wave Phenomena},
   isbn =      {},
   year =      {2017},
   series =    {},
   edition =   {},
   volume =    {},
   url =       {https://github.com/JohnWStockwellJr/SeisUnix}
}


@book{Kraut(1967),
author    = {Kraut, E. A.},
title     = {Fundamentals of Mathematical Physics},
publisher = {MacGraw-Hill Book Company},
year      = {1967},
address   = {New York, USA},
edition   = {},
volume    = {},
number    = {},
pages     = {464},
month     = {}
}


@article{Versteege(1991),
  author =	 {Versteege, R. J. and Grau, G.},
  year =	 {1991},
  title =	 {The Marmousi experience},
  journal =	 {Proc. EAGE Workshop on Practical Aspects of Seismic Data Inversion. Copenhagen},
  volume =	 {},
  number =	 {},
  pages =	 {}
}

@book{Smirnov(1964),
author    = {Smirnov, V. I.},
title     = {Course of higher Mathematics},
publisher = {Pergamon Press},
year      = {1964},
address   = {London},
volume    = {2},
number    = {},
pages     = {630},
month     = {}
}
@Book{Press(2002),
author    = {Press, W. H. and Teukolsky, A. and Vetterking, W. T. and B. P. Flannery},
title     = {Numerical Recipes in FORTRAN 90},
subtitle  = {},
publisher = {Cambridge University Press},
year      = {2002},
address   = {},
edition   = {},
volume    = {},
number    = {},
pages     = {227-245},
month     = {}
}
@book{Leite(2007),
author    = {Lourenildo W. B. Leite},
title     = {Conceitos da Análise Espectral em Geofísica},
publisher = {},
year      = {2007},
address   = {Brasil},
volume    = {1},
number    = {},
pages     = {153},
month     = {}
}

@book{snieder1998,
	title={A guided tour of mathematical physics},
	author={Snieder, Roelof Kees},
	year={1998},
	publisher={Samizdat Press}
}

@article{weisstein2003convolution,
	title={Convolution},
	author={Weisstein, Eric W},
	journal={https://mathworld. wolfram. com/},
	year={2003},
	publisher={Wolfram Research, Inc.}
}

@book{bracewell1986fourier,
	title={The Fourier transform and its applications},
	author={Bracewell, Ronald Newbold and Bracewell, Ronald N},
	volume={31999},
	year={1986},
	publisher={McGraw-Hill New York}
}

@book{van1992computational,
	title={Computational frameworks for the fast Fourier transform},
	author={Van Loan, Charles},
	year={1992},
	publisher={SIAM}
}

 @inproceedings{zakaria2000two,
	title={The Two Dimensional Numerical Modeling Of Acoustic Wave Propagation in Shallow Water},
	author={Zakaria, Ahmad and Penrose, John and Thomas, Frank and Wang, Xiuming},
	booktitle={Australian Acoustical Society Conference (Acoustics)},
	year={2000}
}

@book{yilmaz2001seismic,
	title={Seismic data analysis: Processing, inversion, and interpretation of seismic data},
	author={Yilmaz, {\"O}z},
	year={2001},
	publisher={Society of exploration geophysicists}
}

@article{ortega2020non,
	title={Non-Hyperbolic Velocity Analysis of Seismic Data from Jequitinhonha Basin, Northeastern Brazil},
	author={Ortega, Francisco G and Bassrei, Amin and Gomes, Ellen NS and OLIVEIRA, ANDREI G},
	journal={Anais da Academia Brasileira de Ci{\^e}ncias},
	volume={92},
	year={2020},
	publisher={SciELO Brasil}
}

@article{Edwards(1988),
	doi       = {10.1190/1.1439513},
	title     = {Uses and abuses of seismic modeling},
	author    = {Edwards, Serpell},
	publisher = {GeoScienceWorld},
	journal   = {Geophysics},
	issn      = {1070-485X,1942-2156},
	year      = {1988},
	volume    = {7},
	issue     = {4},
	pages     = {42--46},
	url       = {http://doi.org/10.1190/1.1439513}
}
